2896 5000
155 413 269 458 tuo·
518 415 694 493 urana
718 419 748 492 1.
821 371 825 378 ⁵
1110 433 1158 512 ss

154 486 179 522 A.
189 484 213 523 C.
235 496 255 522 ο.

106 546 207 626 hodie
223 495 406 650 loquimur
422 572 433 619 ε
450 548 553 621 ceteri
571 549 736 626 libentius
758 577 840 626 cum
858 555 997 631 fortuna
1019 581 1154 666 nostra,

105 689 212 763 quam
224 661 418 736 uobiscum.
434 663 531 734 Nam
543 663 684 738 suadere
696 667 865 766 principi,
880 672 976 770 quod
990 693 1159 774 oporteat,

104 778 208 852 multi
224 777 353 852 laboris
369 777 582 851 :adsentatio
603 805 684 882 erga
704 781 898 882 principem
915 813 1160 895 quemcunque

103 892 178 967 sine
197 893 334 968 adfectu
350 891 538 994 peragitur.
561 921 579 963 u

152 1009 257 1084 XVI.
277 1038 296 1078 a
309 1007 442 1104 Etiam,
455 1007 485 1079 si
498 1007 859 1111 immensumimperii
871 1039 997 1116 corpus
1012 1037 1101 1094 stare
1117 1049 1159 1098 ac

101 1121 224 1196 librari
236 1121 310 1196 sine
323 1141 453 1196 rectore
471 1140 605 1228 posset,
631 1122 758 1226 diguus
777 1153 891 1218 eram,
914 1157 934 1202 a
954 1159 1025 1232 quo
1041 1161 1158 1236 respu.

99 1234 195 1310 blica
205 1236 371 1338 inciperet
384 1263 394 1310 :
405 1263 498 1309 nunc
509 1263 550 1310 eo
562 1238 771 1311 necessitatis
782 1241 853 1338 jam
864 1243 997 1342 pridem
1012 1271 1158 1330 ventum

98 1370 172 1449 est,
193 1368 233 1425 ut
252 1378 318 1424 nec
336 1378 412 1425 mea
431 1365 586 1424 senectus
600 1353 755 1426 conferre
772 1354 851 1452 plus
868 1359 999 1457 populo
1011 1390 1158 1440 romano

97 1466 230 1566 possit,
245 1493 351 1568 quam
362 1467 495 1538 bonum
507 1489 734 1538 successorem
745 1523 755 1562 ,
768 1471 830 1542 n'ec
842 1489 899 1551 tua
912 1473 991 1572 plus
1003 1475 1157 1579 juventa,

97 1607 206 1680 quam
220 1581 356 1655 bonum
372 1579 577 1680 principem.
599 1579 673 1652 Sub
694 1580 840 1656 Tiberio
854 1583 896 1673 el
904 1587 989 1660 Caio
1002 1610 1037 1663 et
1049 1593 1157 1666 Clau·

97 1696 160 1770 dio
171 1697 276 1770 unius
287 1696 426 1770 familiae
439 1693 539 1795 quasi
550 1692 720 1767 hereditas
735 1697 885 1774 fuimus:
899 1696 974 1777 loco
986 1702 1157 1780 libertatis

97 1813 185 1911 erit,
203 1811 298 1912 quod
310 1810 392 1912 eligi
406 1808 587 1909 coepimus.
602 1809 667 1908 Et,
684 1810 782 1884 finita
795 1815 819 1886 J
820 1814 973 1893 uliotum
987 1818 1157 1895 claudio-

95 1953 248 2027 rumque
274 1927 400 2021 domo,
424 1922 599 2022 optimum
625 1949 798 2025 quemque
821 1929 963 2029 adoptio
990 1931 1155 2012 inveniet.

95 2043 195 2116 Nam
215 2038 370 2144 generari
390 2053 425 2112 et
444 2037 539 2112 nasci
559 2065 579 2110 a
600 2037 836 2140 principibus,
863 2046 1068 2148 fortuitum,
1090 2078 1157 2126 nec

94 2154 191 2228 ultra
214 2155 431 2228 aestimatur:
446 2150 632 2252 adoptandi
650 2153 819 2249 judicium
841 2157 1037 2262 integrnm5
1051 2179 1103 2264 et,
1125 2166 1156 2241 si

93 2267 182 2342 velis
193 2267 337 2370 eligere,
347 2291 511 2341 consensu
524 2285 745 2339 monstratur.
759 2267 811 2342 Sit
820 2291 899 2346 ante
906 2279 1024 2350 oculos
1032 2282 1152 2381 Nero,

92 2407 222 2482 quem,
245 2383 349 2485 longa
369 2383 545 2456 Caesarum
567 2376 653 2450 serie
678 2393 886 2474 tumentem,
913 2415 983 2462 non
1011 2391 1154 2476 Vindex

93 2523 178 2570 cum
191 2497 316 2573 inermi
337 2495 535 2598 provincia,
560 2510 620 2564 aut
644 2517 708 2594 ego
732 2520 813 2568 cum
830 2524 898 2572 una
912 2502 1065 2605 legione,
1091 2510 1153 2584 sed

125 2693 220 2745 Etiam
234 2711 289 2766 ego.
307 2689 464 2761 coniunctio
479 2689 528 2740 ista
541 2703 604 2757 per·
637 2686 737 2756 iuquit,
748 2708 838 2743 recens
848 2693 1000 2758 perdomita·
1013 2700 1093 2750 tribus
1104 2701 1152 2754 ha·

92 2789 185 2842 peram
195 2771 237 2824 luo
248 2773 340 2843 posita.
356 2769 468 2823 Picheua
477 2767 561 2836 rejicit
571 2763 603 2816 ad
636 2761 768 2818 debentur.
778 2767 830 2821 Sed
838 2771 869 2822 iis
876 2775 938 2842 ipsis
946 2773 1033 2827 verbis
1040 2776 1152 2849 adsigui·

91 2849 273 2919 praecedentia.
283 2846 568 2914 Acidaliustranspouit
576 2856 603 2895 et
635 2841 715 2908 ficet,
735 2846 763 2915 id
784 2861 929 2914 mutatum,
953 2867 978 2906 et
999 2856 1150 2924 imminutas

91 2927 213 2980 referred
223 2930 246 2979 εἰ
255 2931 414 2991 immensum,
425 2923 496 2996 quod
505 2922 601 2994 probo,
635 2921 762 2992 legiones,
774 2929 864 2980 animis
876 2930 930 2999 ejus
938 2935 1022 3001 gentis
1029 2948 1150 3008 tempore

90 3011 113 3060 ,ᾗ
126 3009 230 3079 ,imula
242 3021 388 3078 nepam„
404 3024 452 3058 ηερ
462 3003 556 3057 dubito
566 3006 603 3056 ita
634 3000 777 3055 imminutis
787 3017 813 3056 et
823 3005 922 3058 fractis.
939 3010 1031 3080 ltaque
1044 3015 1070 3064 iu
1082 3014 1149 3066 Tar-

90 3086 218 3155 recipere.
241 3087 272 3136 ln
294 3085 408 3154 margine
430 3083 516 3134 forsan
538 3082 601 3134 olim
633 3084 782 3144 racouensi,
799 3086 842 3135 cui
856 3083 942 3140 Galba
959 3091 1078 3160 praefluit,
1095 3111 1147 3148 una

90 3161 225 3232 adposita,
238 3163 349 3213 alienum
358 3159 418 3211 dein
429 3160 515 3211 locum
526 3177 602 3212 occu·
633 3169 697 3210 tuuc
709 3160 787 3232 legio.
801 3161 940 3218 Suetonius
956 3169 983 3218 in
999 3168 1086 3224 Galba
1105 3194 1147 3229 ιο.

89 3243 168 3311 pavit
184 3260 272 3294 errore
283 3239 389 3294 librarii.
403 3239 461 3310 Bip.
479 3239 507 3291 sl
524 3240 600 3292 etiam
633 3238 762 3304 ostendit,
780 3243 924 3295 exercitum
944 3247 1029 3300 fuisse*
1039 3253 1148 3322 legionis

89 3321 197 3373 ineuim
206 3319 363 3372 ,vertendum
377 3333 478 3390 putant.
493 3321 601 3372 Rectius
632 3317 722 3380 wlff,
740 3321 841 3372 alarum
862 3320 985 3388 dmm»
1005 3329 1081 3380 mum
1102 3352 1148 3384 00·-

90 3400 157 3469 Agr.
172 3398 264 3450 etenim
273 3415 326 3470 ego.
632 3395 826 3450 hortium.L1rs.
834 3399 941 3453 Sextum
951 3406 1076 3474 legionem
1084 3413 1148 3463 luis·

111 3472 599 3543 Immensumimpaeorpuuvidelleiut.
632 3493 659 3526 se
669 3475 794 3528 docemur
804 3478 836 3530 H.
848 3479 876 3540 5,
891 3483 930 3534 16.
942 3483 1005 3534 Mox
1017 3504 1048 3534 ne
1059 3501 1148 3541 tamen

90 3550 313 3620 advell,2,109.
631 3553 721 3606 Guelf.
740 3554 782 3607 ed.
802 3575 841 3626 pr.
858 3558 939 3612 Rhen.
960 3561 993 3630 (e
1011 3563 1097 3636 Bud.)
1117 3583 1146 3623 at

125 3635 190 3683 Cum
210 3651 262 3682 una
279 3632 386 3702 legione.
399 3631 459 3685 Una
477 3629 600 3682 tantum?
632 3647 680 3682 nec
696 3643 779 3682 tamen
793 3633 897 3688 Puteol.
914 3636 971 3690 Ber.
990 3639 1102 3710 Deinde,
1122 3651 1146 3703 si

91 3708 176 3779 Atqui
188 3721 263 3760 antea
280 3723 346 3769 tres,
361 3711 386 3762 in
400 3709 445 3760 illa
456 3721 528 3777 parte
539 3708 601 3760 llis·
632 3711 768 3771 vellemus,
786 3725 816 3764 ut
835 3714 950 3786 quidque
965 3724 1101 3778 commode
1117 3742 1145 3782 et

90 3790 186 3855 panias,
197 3800 225 3838 et
234 3791 294 3856 epla
302 3792 444 3856 τάγματα,
456 3800 506 3840 tues
520 3786 599 3857 legio-
632 3789 762 3860 eleganter
771 3791 859 3844 abesse
872 3806 971 3862 potest,
984 3800 1021 3851 ita
1033 3804 1144 3874 tollere,

89 3883 133 3918 nes
142 3867 298 3936 (itavertere
306 3869 432 3935 interpres
439 3865 539 3933 debuit,
547 3886 599 3920 nou
631 3869 748 3920 concussi
761 3882 929 3925 tentaremus.
943 3871 996 3926 Sed
1015 3880 1145 3940 credimus

88 3946 234 4017 cohortes)
263 3949 376 4001 collocat
402 3947 450 4000 sub
478 3949 599 4018 Augirsto
631 3950 723 4010 tacite,
738 3949 928 4004 esseaTaoito.
941 3952 1068 4011 Similiter
1080 3983 1143 4018 mox

89 4024 184 4082 Strabo
196 4030 215 4080 l.
228 4031 260 4091 3,
274 4047 302 4098 p.
322 4029 375 4082 156.
390 4027 476 4080 Etiam
487 4027 536 4081 sub
552 4029 599 4080 Ti·
630 4029 726 4081 frustra
733 4029 898 4095 desidereutr,
906 4033 995 4087 eadem
1003 4057 1102 4108 caussa,
1114 4045 1141 4098 in

89 4101 161 4162 berto
179 4119 268 4162 noster
282 4107 319 4162 A.
337 4107 368 4176 4,
386 4105 425 4172 5.,
442 4107 598 4176 Hispam'oe,
629 4111 802 4179 suspicionem
810 4107 1062 4176 adducitGruterus.
1069 4123 1140 4180 Eam
1187 4156 1194 4180 r

238 4196 274 4268 5.
968 4205 990 4273 ὅ
