2896 5000
321 437 364 487 1o
631 411 1043 487 HISTORIARUM
1194 412 1304 455 l·⁰·⁸²²·

1192 479 1290 530 sena.

315 544 428 644 paniae
442 568 512 616 ora.
526 543 625 617 Urbs
638 543 805 618 incendiis
816 557 959 641 vastata,
970 544 1186 646 consumptis
1198 545 1355 650 antiquis-

315 657 413 733 simis
426 657 597 749 delubris,
612 659 688 760 ipso
700 657 875 759 Capitolio
887 659 1016 734 civium
1030 659 1191 733 manibus
1204 664 1358 736 incusso:

316 774 460 874 pollutae
483 773 690 848 caerimoniae
705 801 714 848 ε
728 803 853 876 magna
870 775 1038 848 adulteria
1053 775 1219 876 :plenum
1240 773 1357 850 exsiliis

316 918 411 964 mare
424 917 432 964 :
445 889 721 966 infecticaedibus
729 891 873 992 scopuli.
884 890 1091 964 Atrociusin
1100 892 1185 966 urbe
1197 891 1356 967 saevitum.

315 1004 509 1094 Nobilitas,
527 1033 627 1106 opes,
646 1003 764 1078 omissi
785 1003 943 1106 gestique
960 1005 1108 1080 honores
1123 1033 1188 1106 pro
1202 1005 1356 1101 erimine,

316 1139 350 1194 et
365 1121 412 1192 ob
424 1120 567 1195 virtutes
585 1120 816 1196 certissimum
829 1121 982 1220 exitium.
1001 1123 1079 1196 Nec'
1094 1121 1210 1193 minus
1227 1117 1360 1222 praemia

316 1233 511 1310 delatorum
525 1236 655 1328 invisa,
671 1263 778 1336 quam
793 1234 936 1322 scelera5
953 1261 1035 1308 cum
1047 1233 1108 1309 alii
1132 1233 1315 1312 sacerdotia
1330 1243 1361 1304 et

316 1351 530 1440 consulatuS,
548 1371 587 1424 ut
605 1349 732 1450 spolia,
757 1349 888 1450 adepti,
906 1352 1162 1448 prostitutiones
1182 1349 1242 1424 alii
1258 1365 1291 1423 et
1310 1347 1363 1419 in-

316 1463 479 1538 teriorem
502 1465 710 1565 potentiam,
733 1481 890 1566 agerent,
909 1479 1078 1540 verterent
1097 1482 1221 1540 cuncte
1241 1463 1318 1538 odio
1332 1475 1363 1536 et

349 1665 371 1707 3.
386 1662 474 1717 luseets'
486 1662 585 1708 eoehbne
596 1663 692 1715 scopuli.
703 1659 797 1717 Infecta
809 1673 832 1705 c.
841 1660 937 1715 saepula
945 1660 997 1704 cod.
1007 1665 1060 1720 Agr.
1070 1661 1132 1722 qnod
1142 1677 1187 1710 non
1198 1661 1269 1721 euplo.

316 1827 360 1895 nl.
375 1831 445 1882 Ltrs.
460 1833 498 1882 Bt
507 1833 566 1883 urbs
576 1849 627 1884 sor.
638 1843 664 1882 et
674 1828 733 1881 edd.
745 1827 828 1878 Dele-
861 1823 939 1876 Adde
953 1845 1003 1880 nos
1016 1831 1042 1880 in
1058 1829 1140 1883 clm
1156 1830 1214 1884 Cic,
1231 1833 1258 1884 in
1267 1847 1293 1881 v.
1306 1823 1364 1878 inti·

317 1919 390 1958 verat
401 1911 521 1980 copulam
529 1909 651 1962 Pichena.
660 1908 729 1960 Eun.
737 1907 826 1958 Recte.
861 1919 924 1953 mus.
936 1902 1007 1957 Eun,
1018 1905 1083 1958 llud.
1094 1910 1255 1978 infidorum.

317 1982 363 2036 Sic
376 1997 402 2036 et
412 1985 516 2058 Ripont.
894 1982 1027 2052 deerant,
1033 1985 1142 2050 finient
1154 1999 1254 2040 cuneta.
1270 1981 1364 2036 lectio·

356 2063 470 2115 Pollutoe
499 2065 663 2117 caerimoniae.
686 2061 829 2113 Vestalium
845 2081 847 2084 ·
861 2077 920 2112 nem
937 2063 1007 2115 Flor.
1024 2065 1083 2118 eod.
1094 2068 1228 2136 Agerent,
1242 2069 1365 2116 tenerent

318 2159 411 2212 nempe
426 2144 543 2204 incestis,
558 2161 615 2214 quse
628 2141 758 2212 protraxit
772 2139 829 2190 Do·
861 2154 953 2193 cuncta
965 2143 1024 2195 osd'o
1035 2159 1061 2196 et
1071 2159 1179 2202 terr-ore.
1192 2144 1312 2212 Correpti
1320 2153 1364 2192 etc.

318 2220 440 2272 mitianus
459 2221 556 2289 pariter
574 2232 600 2270 et
617 2219 711 2289 puniit.
731 2217 830 2268 Praeter
863 2234 966 2273 secutus
988 2237 1026 2274 est
1043 2224 1165 2278 Picbena.
1184 2229 1223 2278 At
1240 2225 1365 2293 volgatam

318 2295 455 2349 historicos
467 2297 590 2368 Papinius
603 2297 703 2358 allusit,
715 2297 760 2366 qui
772 2313 830 2364 pro·
863 2312 890 2350 et
899 2299 1036 2356 lectionem
1047 2316 1072 2354 et
1082 2303 1276 2356 distinctionem
1288 2299 1365 2352 multo

317 2391 480 2442 spectantem
493 2378 671 2430 Domitianum
684 2377 747 2428 facit
761 2374 830 2427 Silr.
863 2379 996 2431 meliorem
1007 2399 1061 2434 esse
1069 2381 1204 2435 docuimus
1216 2381 1325 2436 observ.
1338 2378 1366 2438 3>

321 2475 373 2521 1,1,
383 2459 464 2510 35.....
473 2461 592 2510 antacitu
601 2456 758 2526 vigiletfaee
768 2457 829 2508 troi-
863 2475 903 2510 nn.
919 2458 1010 2512 Gnou.
1025 2461 1128 2533 Nempe
1138 2461 1175 2515 ibi
1185 2461 1280 2525 docet,
1291 2459 1367 2511 nsita‘

319 2538 831 2610 cusignis,Atqueexploratasjamlnu·
865 2552 916 2592 tam
937 2557 990 2591 esse
1007 2540 1098 2610 (apud
1117 2541 1221 2595 Livium
1242 2555 1269 2593 et
1290 2535 1367 2602 alios)
1427 2552 1431 2591 l

319 2617 363 2668 det
377 2621 454 2670 Vesta
463 2620 601 2669 ministras.
615 2619 684 2669 lues.
863 2616 968 2688 phrasin
978 2635 1054 2686 egere
1061 2657 1068 2680 ‚
1073 2619 1164 2688 fine,
1175 2632 1205 2670 et
1215 2619 1275 2670 odio
1284 2633 1313 2668 ao
1322 2627 1369 2664 ter*

353 2697 451 2767 [reseco
459 2695 570 2748 caedibus
577 2698 684 2763 scopuli.
694 2697 718 2747 l.
728 2715 751 2747 e.
760 2697 830 2746 insu-
864 2711 923 2746 rore
933 2697 969 2746 sie
979 2697 1106 2767 explicat,
1115 2711 1146 2749 ut
1155 2699 1264 2768 Lipsius.
1276 2697 1314 2748 At
1323 2693 1368 2743 let·

320 2775 367 2834 le,
384 2776 411 2826 in
429 2774 525 2844 quibus
543 2775 643 2826 exsules
659 2773 754 2835 clausi,
773 2789 830 2844 quae
865 2772 961 2823 tionem
970 2773 1104 2844 Flor.qnte
1112 2766 1368 2827 estetiaminGnelf.

320 2864 393 2902 erant
406 2851 460 2903 fere
472 2851 579 2902 desertae
589 2864 615 2902 et
626 2853 766 2922 scopulosae
780 2870 785 2900 :
798 2849 831 2900 sd
864 2850 931 2918 Agr.
943 2848 1001 2901 edd.
1015 2864 1073 2902 ante
1084 2849 1236 2903 Rhenanam
1246 2847 1370 2905 omnibns,

321 2945 363 2980 ees
373 2930 443 2980 missi
454 2927 576 2992 subinde,
590 2931 635 2997 qui
645 2929 745 2980 exsules
753 2928 833 2978 truci·
864 2925 980 2981 defendit
990 2943 1019 2991 ,et
1033 2934 1132 3001 recepit
1145 2949 1233 2984 rursus
1246 2927 1370 3000 llyclius,

321 3005 430 3068 darent,
444 3019 475 3058 ut
491 3008 518 3057 in
535 3006 681 3058 ,Annalibus
693 3005 747 3075 jam
761 3003 832 3056 vidi·
864 3011 916 3061 late
931 3001 956 3060 et
971 3009 1063 3061 acerbe
1078 3023 1168 3062 contra
1183 3010 1333 3082 disputante
1347 3002 1372 3054 J.

321 3102 388 3138 mus.
404 3081 478 3134 Mare
489 3099 592 3154 quoque
603 3097 661 3136 ente
675 3083 708 3135 de
723 3084 831 3144 insulis,
866 3089 1011 3142 Gronovio.
1021 3087 1124 3152 Lectio,
1132 3107 1189 3161 quae
1201 3105 1240 3144 est
1251 3093 1277 3143 in
1289 3098 1371 3145 textu,

321 3162 450 3232 lmpflffllfl
465 3163 542 3212 ΜΕ
559 3159 657 3232 AEgaels
669 3160 833 3232 caPlffldfflss·
866 3168 899 3220 ab
913 3167 1035 3220 Rhenano
1050 3167 1171 3232 inducta,
1189 3183 1321 3240 utcunque
1331 3180 1373 3214 cx-

322 3243 394 3296 Eun.
703 3267 706 3272 ·
866 3248 957 3320 plicari
971 3259 1067 3318 potest.
1076 3249 1106 3299 ln
1117 3243 1374 3318 agemtsermntfa·

354 3321 480 3372 Almam
492 3319 520 3370 1⁶7⁸
534 3319 593 3370 “¹41⁶
604 3320 728 3370 mvltvm·
745 3319 834 3370 ssew·
867 3326 916 3378 cile
929 3326 1053 3376 assentior
1067 3324 1206 3378 Gronovio
1218 3343 1224 3376 ε
1235 3324 1282 3376 sed
1296 3326 1374 3374 inter·

321 3397 412 3468 Imsgo
443 3398 511 3448 enim
541 3398 644 3448 sevitie
674 3396 834 3465 caediumque
867 3397 1377 3474 pungidebeeposmmnffimodium

322 3479 405 3530 multa
415 3478 441 3530 in
451 3477 541 3529 insulis
549 3489 576 3527 et
587 3477 742 3546 provinciis,
754 3476 835 3544 major
869 3493 896 3532 et
905 3493 1049 3532 temornon
1057 3478 1122 3529 bene
1131 3480 1292 3532 conveniunt
1299 3471 1377 3527 verbo

322 3557 349 3608 in
359 3557 414 3627 ipsa
423 3555 497 3607 nrbe.
506 3555 632 3625 Egregius
643 3568 729 3606 tamen
738 3567 764 3605 et
774 3571 836 3606 aetr-
867 3560 998 3624 compa,
1013 3571 1127 3627 quocum
1141 3557 1169 3608 iu
1178 3558 1225 3609 uti
1234 3573 1264 3608 re
1272 3553 1377 3624 conjun-

322 3647 365 3688 tns
378 3633 483 3705 quidem
497 3633 599 3703 juvenis
616 3633 719 3686 mavult
732 3632 761 3684 in
775 3633 835 3684 urbe
870 3649 974 3708 pastun
987 3645 1032 3684 eut
1044 3632 1226 3704 intelliguntur
1235 3633 1318 3687 verbs
1327 3629 1376 3681 vim

323 3714 544 3768 servilianum.
869 3711 998 3769 alliciendi
1014 3711 1144 3765 habentis.
1162 3716 1207 3765 An
1220 3729 1312 3765 omnes
1321 3723 1363 3763 tan

356 3797 394 3848 Et
402 3793 547 3848 interiorem
555 3805 608 3861 pot.
616 3792 701 3844 Video
709 3795 836 3862 interpre-
870 3808 926 3846 tum
942 3790 1002 3843 odio
1014 3803 1041 3842 et
1049 3803 1149 3844 terrore
1161 3791 1296 3862 corrupti,
1307 3801 1379 3840 nemo

323 3889 363 3929 tes
370 3875 527 3928 recentiores
536 3873 561 3922 in
570 3870 621 3922 boc
629 3869 731 3921 haesisse
738 3870 835 3920 etmale
870 3891 931 3944 spe,
950 3872 1063 3943 praemiis
1080 3884 1132 3946 rete.
1152 3873 1231 3922 etium
1248 3869 1338 3923 liberti
1355 3867 1379 3915 in

321 3958 440 4010 vertisse.
452 3951 686 4019 Interiorpotentia
696 3962 736 4001 est
745 3949 835 4020 major,
870 3965 995 4025 patronos
1005 3953 1018 4003 'l
1028 3951 1098 4004 Eun.
1111 3951 1263 4004 Florentino
1273 3963 1381 4003 eonsenv

321 4051 369 4088 neo
379 4032 408 4086 id
418 4029 531 4086 debebat
543 4031 662 4098 ignotum
672 4040 717 4080 sut
726 4027 838 4100 dubium
871 4035 905 4086 tit
916 4034 994 4084 etiam
1004 4029 1070 4084 Bud.
1087 4031 1152 4083 Eum
1167 4031 1280 4102 priscam
1290 4027 1380 4081 leutio-

323 4133 387 4170 ssse.
402 4111 447 4172 Sie
458 4104 529 4162 Anu.
544 4109 590 4172 15,
603 4125 627 4160 n.
645 4109 717 4161 vires
733 4110 838 4162 intimae.
872 4129 933 4164 nem
948 4128 1007 4164 cum
1018 4109 1093 4162 Rern.
1103 4106 1219 4160 Freinsb.
1232 4106 1292 4177 Bip.
1305 4119 1382 4174 sepo·
