2896 5000
294 353 340 425 32
606 342 1031 421 HISTORIARUM
1171 340 1288 386 Μ’*

1171 411 1195 450 Δ.
1206 411 1232 450 C.
1255 425 1275 450 o.

292 497 429 557 tautum
444 477 728 568 necessitudines,
745 503 831 579 quas
847 476 914 552 tibi
928 474 1125 576 postposui,
1140 476 1199 550 sed
1213 425 1254 550 et⁷
1262 495 1343 562 tum.

292 599 355 670 Est
366 593 433 668 tibi
445 595 550 668 frater
563 593 639 694 pari
651 591 855 680 nobilitate,
878 607 961 666 natu
981 591 1111 690 major,
1133 589 1260 693 dignus
1281 590 1347 662 bac

293 711 451 798 fortuna,
469 706 537 780 nisi
552 727 592 780 tu
607 705 724 806 potior
741 730 839 780 esses.
858 705 906 778 Ea
924 724 1005 778 aetas
1022 724 1100 794 tua,
1117 731 1196 806 quae
1212 704 1348 805 cupidi-

294 840 380 900 tates
394 821 634 896 adolescentiae
653 823 725 920 jam
741 819 921 921 effugerim
935 849 974 896 ea
996 820 1088 918 vita,
1116 820 1153 894 in
1169 849 1239 922 qua
1257 819 1348 894 nihil

293 937 509 1040 praeteritum
528 936 761 1010 excusandum
781 933 919 1008 habeas.
934 935 1126 1010 Fortunam
1145 936 1260 1008 adhuc
1276 955 1350 1008 tau·

294 1073 372 1126 tum
388 1051 564 1128 adversam
582 1048 710 1136 tulisti,
732 1049 889 1120 secundae
912 1074 964 1122 res
986 1049 1176 1124 acrioribus
1198 1048 1349 1124 stimulis

294 1165 429 1240 animos
453 1166 652 1266 explorant,
676 1162 758 1264 quia
783 1162 929 1238 miseriae
952 1166 1161 1264 tolerantur,
1189 1165 1350 1252 felicitate

294 1277 561 1382 corrumpimur.
571 1279 694 1352 Fidem
704 1333 714 1376 ,
725 1277 923 1350 libertatem
934 1333 943 1376 ,
955 1279 1144 1356 amicitiam
1155 1337 1164 1372 ,
1176 1279 1351 1381 praecipua

294 1393 439 1470 humani
455 1395 564 1472 animi
580 1395 688 1483 bona,
706 1408 746 1466 tu
769 1391 911 1492 quidem
925 1394 1043 1468 eadem
1064 1398 1254 1470 constantia
1272 1393 1351 1468 reti-

295 1509 393 1584 nebis
414 1536 424 1583 ε
442 1509 502 1584 scd
527 1508 587 1582 alii
612 1535 673 1607 per
697 1504 905 1606 obsequium
929 1506 1150 1584 imminuent.
1174 1513 1349 1609 irrumpet

295 1623 470 1722 adulatio,
487 1621 688 1711 blanditiae,
705 1619 896 1720 pessimum
908 1623 978 1696 vcri
992 1625 1145 1698 adlectus
1158 1651 1347 1723 venenum,

296 1765 358 1814 sua
371 1738 497 1838 cuique
510 1738 654 1814 utilitas,
668 1738 759 1838 Ego,
778 1761 818 1807 ac
834 1754 891 1832 tu,
912 1737 1166 1838 simplicissime
1182 1739 1272 1813 inter
1288 1763 1350 1812 nos

328 1918 365 1961 ¹7·
378 1901 426 1944 Sua
436 1903 518 1960 cuique
528 1901 627 1946 rdiliias.
638 1905 705 1944 Forte
715 1913 759 1943 sua
770 1901 850 1955 cuique
865 1913 925 1944 curu
937 1900 1036 1958 utilitas,·
1047 1911 1070 1947 et
1081 1906 1203 1958 irrumpent
1212 1904 1351 1948 adelasiam

297 1973 426 2022 blanditia.
436 1974 534 2028 Deinde,
547 1973 643 2018 Etenim
654 1986 696 2030 ego
706 1987 735 2016 ac
745 1980 776 2015 tu.
789 1971 893 2016 adulatio
902 1983 925 2017 et
937 1973 1054 2018 blanditia
1063 1977 1113 2022 cod.
1123 1982 1178 2036 Agr.

297 2091 363 2146 Bnd.
378 2093 426 2144 sed
440 2107 489 2146 uaoe
499 2133 506 2158 ,
518 2095 613 2146 omisso
630 2105 662 2148 et.
678 2093 752 2144 male.
766 2089 810 2144 Sic
844 2094 893 2144 ννῖν
904 2093 1047 2160 immisse,
1065 2099 1077 2152 s
1091 2103 1136 2153 site
1150 2099 1291 2165 sipsyibus
1302 2097 1350 2148 νὺν-

298 2183 325 2222 et
339 2169 445 2223 Puteol.
841 2173 929 2238 μνρίνισ
942 2173 1079 2241 iuppiter
1094 2177 1121 2226 ei
1135 2176 1178 2241 pls
1188 2180 1237 2244 γὰρ
1251 2179 1298 2226 stt
1314 2171 1353 2225 sis

330 2251 384 2302 Est
403 2251 450 2302 tibi
457 2249 558 2318 frater.
574 2249 614 2301 De
627 2269 679 2322 quo
691 2249 759 2300 inira
775 2247 810 2314 lp,
843 2269 897 2318 σνρν
912 2253 955 2302 σοῦ
965 2255 1096 2318 pissime
1106 2257 1188 2325 φόβνν
1203 2258 1350 2322 increpeti-

297 2328 354 2397 39.,
372 2328 513 2380 Ferebatur
520 2327 652 2380 Antonius
664 2327 811 2378 Scn'bonta-
844 2330 927 2398 ζουσνν
948 2332 1143 2400 impostiones,
1162 2337 1190 2387 ai
1208 2338 1238 2388 dl
1261 2339 1308 2386 ati
1325 2329 1353 2383 sl

297 2425 358 2457 uum
368 2407 501 2470 Crassum,
517 2407 624 2477 egregiis
634 2406 772 2479 majoribus
786 2416 813 2456 et
844 2411 989 2478 epopspssis
1010 2416 1152 2480 εὐτύχημα,
1173 2413 1353 2483 σροσρόννονσοίν

289 2485 417 2556 fiuierrta
431 2485 704 2561 imaginefirlgeniem‚
718 2485 756 2535 ad
768 2501 811 2536 ca·
845 2493 1012 2559 ννονσονφροννῖν
1029 2497 1135 2546 missus.
1154 2494 1188 2546 Et
1209 2493 1304 2546 Catoni
1316 2491 1353 2543 illi
1426 2526 1431 2565 ρ

295 2560 814 2630 pescendamremp.itonams.L1rs.V.et
845 2569 936 2622 Prisco
952 2570 995 2636 (in
1013 2571 1106 2643 fragm.
1116 2574 1135 2626 ι,
1153 2574 1176 2625 5,
1187 2569 1353 2644 Originum.)

299 2661 362 2696 mox
374 2663 399 2695 o.
411 2644 453 2712 47.
846 2648 977 2701 Adversas
992 2667 1033 2700 tes
1043 2670 1069 2701 se
1081 2651 1199 2712 domant,
1210 2664 1236 2704 et
1245 2651 1351 2712 docent,

343 2720 420 2774 Nilu’i
439 2720 606 2788 praeterieram.
629 2720 749 2772 Heinsius
768 2735 810 2784 ap·
843 2727 1245 2798 quidoprsssitfirct05secundoe
1255 2731 1354 2779 κοῖον-
1431 2769 1432 2774 ,

299 2796 429 2868 llyclllum
439 2797 550 2850 malebat
558 2797 694 2863 proeieta'it’.
705 2796 812 2847 Rectius
844 2807 902 2856 lilia
921 2818 1091 2860 mmmmm
1110 2808 1214 2859 mdm
1236 2809 1320 2859 solent
1337 2825 1356 2857 a

300 2891 387 2930 totum
408 2879 518 2946 verbum
538 2876 653 2940 abesset,
669 2877 813 2945 prasertim
845 2895 911 2934 recte
921 2884 1085 2954 intelligendo
1100 2897 1177 2954 atque
1190 2883 1354 2936 consulendo.

300 2953 371 3024 apud
384 2955 538 3024 scriptorem
556 2954 693 3006 brevitatis
710 2953 813 3003 nomine
845 2964 915 3014 ers.
928 2965 1038 3014 Animo,
1054 2965 1243 3033 F10,‚(13„d,)
1258 2964 1299 3016 ed,
1314 2983 1355 3034 pe,

300 3032 444 3088 laudatum.
471 3032 564 3086 Cicero
585 3047 656 3086 certe
674 3042 700 3084 et
723 3032 813 3082 Livius
845 3039 962 3093 Freinsh.
979 3059 1053 3112 seqq.
1075 3041 1163 3094 Ceteri
1184 3061 1233 3094 scr.
1251 3055 1279 3093 et
1298 3040 1357 3093 edd.

301 3116 447 3168 omisissent
457 3112 503 3165 :de
512 3113 605 3165 Tacito
617 3111 741 3164 affirmare
748 3109 814 3162 nihil
846 3117 968 3169 animum,
979 3118 1049 3170 En,

301 3213 421 3266 possum,
429 3206 459 3245 ut
466 3199 519 3264 jam
527 3192 591 3245 alibi
601 3191 664 3244 dixi.
675 3190 747 3242 Libri
755 3191 813 3260 qui-
879 3199 935 3246 Per
943 3199 1088 3268 obsequium
1099 3201 1253 3252 imminuent.
1262 3200 1305 3251 Ita
1316 3196 1371 3251 di-'

301 3271 362 3324 dem
371 3267 734 3340 omnesproeteritumhabent·
743 3267 813 3318 ERN·
845 3287 912 3326 serte
925 3275 1011 3328 Vatic.
1024 3290 1050 3328 et
1065 3277 1197 3330 Venetus:
1213 3296 1259 3329 nee
1277 3275 1355 3348 quid·

328 3361 330 3367 '
346 3347 470 3401 Secundae
489 3367 529 3400 ms
545 3348 684 3400 acrioribus
697 3345 814 3397 'stimullb
846 3372 924 3426 quam
937 3356 1070 3424 pote(non
1078 3375 1118 3407 me
1126 3356 1231 3428 quidem
1239 3354 1356 3423 arbitro)

301 3428 446 3501 Xenophon
468 3429 565 3496 pariter
588 3425 686 3496 Cyrop·
711 3427 742 3487 ὃ,
767 3425 814 3492 b,
846 3432 956 3485 lectione
972 3433 1020 3486 bac
1041 3435 1141 3486 melius.
1161 3432 1298 3486 Rhenanus
1315 3447 1356 3484 ta-

302 3510 496 3572 dissidium,
515 3503 532 3555 b
548 3504 621 3571 Κῦρε,
639 3505 816 3572 perimamur
849 3528 907 3561 men
926 3509 1029 3572 turbat,
1048 3523 1146 3572 mittat,
1163 3525 1189 3562 et
1204 3511 1357 3578 exemplaria

303 3583 373 3650 sitas,
386 3589 458 3654 νὺρνῖν
468 3585 668 3653 isrdpasisyubit
678 3587 756 3638 sutis
766 3586 816 3652 φί·
848 3601 878 3640 ut
889 3585 1014 3638 haberent
1028 3586 1106 3649 lecit,
1122 3589 1171 3639 aiii
1184 3589 1243 3640 licet
1255 3587 1356 3655 perob-

304 3665 462 3730 pssae,isaie
479 3666 557 3714 κοινά·
575 3666 609 3714 ais
622 3663 727 3730 μὶνρὰρ
746 3661 816 3730 ὕβριν
848 3665 1358 3733 sequiumunrtuant.ers.FirmantLip·
1430 3659 1431 3662 Ἴ

303 3747 355 3800 σοῖς
369 3747 483 3808 πολλοῖς,
500 3747 534 3796 σοι
550 3744 578 3796 dl
592 3745 752 3814 σωφροσύνην
763 3746 815 3798 asic
848 3744 879 3793 sii
892 3743 1028 3792 lectionem
1043 3740 1123 3794 MSS.
1134 3743 1206 3795 Flor.
1216 3742 1308 3794 Guelf.
1318 3739 1356 3793 etl

303 3829 381 3878 σῖισνν
398 3827 504 3892 iprensi.
520 3825 554 3876 Et
570 3825 695 3875 sententia
706 3822 814 3886 similis,
847 3837 887 3888 pr.
905 3817 1044 3871 Beroaldus
1059 3821 1119 3872 Alc.
1130 3820 1199 3872 Eun.
1215 3819 1299 3872 Rben.
1311 3822 1358 3872 nu

303 3905 422 3960 Diodoro
431 3903 520 3958 Siculo
532 3919 663 3973 expressa,
677 3919 717 3970 19.
729 3902 813 3970 Δνὸσνρ
847 3918 899 3950 non
913 3918 944 3949 ex
959 3900 1128 3968 ingenio,sed
1138 3919 1170 3952 ex
1183 3900 1250 3954 Bud.
1323 3903 1331 3914 ”

303 3983 358 4035 istos
385 3983 554 4052 opacissima
575 3977 814 4043 ὑπολαμβάνουσιν,
880 3976 980 4030 uidem.
995 3975 1137 4031 Scusuam.
1154 3977 1200 4032 Sic
1213 3977 1356 4032 Dotteville

303 4067 470 4134 νύχνρίσσνρον
481 4065 598 4132 ὑπάρχειν
608 4059 745 4129 συμφορὰς
753 4057 817 4129 inp·
849 4071 875 4112 et
885 4058 920 4112 l).
929 4057 962 4112 de
972 4058 1095 4112 bamalle·
