2896 5000
140 393 256 438 ima.
505 395 733 474 crunni.
1092 400 1144 497 ιι

139 463 163 501 Δ.
172 463 197 503 C.
206 474 239 514 70.

91 543 166 625 tos,
182 539 369 630 postquam
384 527 481 606 vario
498 555 655 605 sermone
672 529 816 606 callidos
838 531 1050 634 audacesque
1065 561 1144 638 cog-

92 643 206 743 novit,
230 643 396 744 pretioet
416 646 596 745 promissis
613 667 750 746 onerat,
764 648 844 722 data
856 648 1001 748 pecunia
1014 649 1058 722 ad
1069 677 1144 750 per-

93 758 273 832 tentandos
291 759 445 858 plurium
467 760 612 834 animos.
628 762 812 860 Suscepere
827 761 898 835 duo
914 763 1145 864 manipulares

90 873 277 974 imperium
297 875 419 975 populi
440 875 575 950 romani
596 877 891 966 transferendum
912 897 946 952 et
966 881 1145 956 transtule-

91 1007 185 1062 runt.
200 991 241 1060 ln
258 989 502 1076 conscientiam
516 989 677 1064 facinoris
690 991 793 1092 pauci
808 992 941 1066 adsciti.
955 995 1146 1095 Suspensus

93 1117 284 1178 ceterorum
304 1104 437 1178 animos
456 1104 599 1182 diversis
617 1104 749 1179 artibus
763 1107 943 1180 stimulant
955 1133 964 1180 ι
976 1109 1146 1208 primores

75 1237 77 1244 “
94 1217 266 1317 militum,
281 1247 343 1320 per
354 1219 518 1294 beneficia
533 1219 746 1322 Nymphidii
757 1242 797 1295 ut
808 1237 981 1322 suspectos
995 1249 1005 1296 ι
1019 1226 1146 1328 vulgus
1236 1272 1238 1282 ,

92 1346 130 1405 et
150 1347 298 1433 ceteros,
323 1334 374 1408 ira
392 1354 426 1408 et
446 1333 683 1434 desperatione
705 1334 803 1409 dilati
827 1337 953 1422 totiens
978 1337 1145 1414 donativi.

94 1448 221 1548 Erant,
250 1475 336 1550 quos
362 1449 531 1523 memoria
553 1448 705 1524 Neronis
727 1477 766 1523 ac
787 1450 996 1524 desiderium
1020 1453 1147 1553 prioris

94 1560 241 1636 licentiae
255 1564 465 1638 accenderet.
479 1565 519 1634 ln
531 1584 715 1638 commune
726 1589 845 1638 omnes
859 1579 956 1639 metu
969 1569 1146 1642 mutandae

94 1675 230 1750 militiae
244 1678 472 1752 terrebantur.

142 1793 283 1866 XXVI.
302 1791 426 1866 Infecit
446 1818 485 1864 ea
501 1791 596 1863 tabes
610 1789 786 1893 legionum
802 1819 942 1895 quoque
959 1815 993 1870 et
1004 1797 1147 1871 anxilio-

94 1931 175 1978 rum
185 1926 295 1980 motas
306 1908 377 2007 jam
391 1925 534 2004 mentes,
549 1919 733 2006 postquam
745 1909 925 2012 vulgatum
935 1931 1020 2008 erat,
1032 1913 1148 1988 labare

93 2021 282 2121 germanici
302 2020 467 2096 exercitus
481 2019 598 2096 lidem.
615 2019 785 2122 Adeoque
797 2041 913 2122 parata
929 2027 1022 2126 apud
1038 2027 1147 2100 malos

92 2132 232 2226 seditio,
240 2135 343 2209 etiam
358 2135 450 2234 apud
463 2137 616 2235 integros
629 2132 858 2211 dissimulatio
867 2139 946 2238 fuit,
958 2160 997 2213 ιιι
1010 2160 1147 2239 postero

93 2249 222 2323 Iduum
235 2249 292 2324 die
303 2249 503 2324 redeuntem
516 2275 537 2320 a
549 2272 648 2320 ooena
660 2245 836 2323 Othonem
851 2257 984 2352 rapturi
999 2255 1145 2346 fuerint,

90 2441 228 2508 perductos
248 2445 297 2496 int.
317 2443 351 2496 ad
369 2463 414 2508 se,
437 2440 602 2512 (Othonem)
635 2455 722 2494 antem
732 2483 741 2507 ,
764 2457 793 2496 ut
814 2445 970 2500 beneficiarii
986 2446 1146 2502 benefactori

95 2532 186 2590 eatque
195 2522 223 2572 in
228 2536 328 2590 partem
334 2520 488 2574 deteriorem
493 2519 603 2583 dictum,
636 2538 684 2578 auo
691 2519 836 2573 adhaereant
847 2536 940 2594 :atque
949 2526 986 2577 ita
995 2524 1028 2577 de
1038 2523 1146 2596 Sejano,

93 2596 210 2666 torpide
224 2617 328 2667 caussa;
341 2611 371 2650 ut
385 2599 487 2650 feminae
503 2597 604 2648 aleno·
637 2598 762 2667 praesecto
769 2599 832 2650 item
838 2603 966 2670 praetorii,
978 2621 1056 2672 supra
1065 2603 1094 2668 4,
1105 2620 1146 2667 2..

93 2671 172 2724 nibus
183 2675 292 2743 perduci
303 2675 434 2728 dicuntur.
450 2674 521 2727 Eun.
538 2671 604 2724 Bud.
636 2677 718 2727 Simul
734 2679 893 2730 centuriones
910 2699 942 2732 ac
962 2681 1075 2734 tribunos
1092 2684 1147 2750 ipae

97 2754 253 2806 Venerium.
637 2752 757 2824 deligere.
773 2755 822 2820 Et,
834 2755 905 2827 quod
914 2760 1040 2830 sequitur,
1050 2757 1147 2812 benefi·
1241 2813 1249 2822 ,

127 2821 317 2900 manipulam.
332 2831 401 2886 Sunt
416 2832 458 2896 hi,
472 2850 538 2902 quos
549 2830 605 2882 Ve-
637 2833 671 2884 cii
681 2833 722 2883 sui
732 2834 826 2886 facere.
837 2834 907 2888 Ltus.

94 2913 181 2982 getius
197 2929 228 2974 a,
246 2931 270 2982 7.
283 2912 439 2982 principales
456 2911 550 2962 milites
563 2911 607 2964 vel
671 2912 706 2960 In
716 2912 845 2964 communi
850 2930 940 2963 omncs
949 2927 1025 2966 uictu.
1041 2913 1146 2966 Rhena-

89 2991 225 3058 principes
234 2991 477 3062 adpellat‚quorum
486 2989 606 3062 frequens
638 3004 686 3038 nus
702 2987 712 3056 (
721 3007 753 3038 ex
768 2991 888 3060 ingenio)
905 2991 1019 3042 correxit
1035 2991 1100 3043 bene
1119 2995 1147 3044 in

95 3069 166 3136 apud
177 3085 295 3123 nostrum
309 3073 415 3123 mentio.
423 3070 457 3123 V.
474 3071 509 3123 A.
524 3089 534 3122 1
545 3109 552 3134 ,
564 3087 605 3122 20.
638 3084 776 3120 comumne.
787 3069 826 3121 Ut
836 3070 924 3140 paullo
934 3084 994 3141 poet
1004 3071 1147 3123 accenden-

93 3150 357 3214 21.12‚38.15.12.
638 3147 686 3198 dos
698 3149 725 3200 in
737 3167 867 3200 commune
876 3162 958 3202 ratus.
974 3149 1047 3227 Lihrj
1057 3170 1108 3205 scr.
1120 3166 1147 3206 ct

126 3226 181 3278 Ad
186 3228 377 3294 pertentandos.
387 3225 488 3278 Infrac.
497 3242 538 3296 29.
546 3226 606 3296 Lip-
638 3224 698 3278 edd.
712 3227 739 3275 in
754 3228 893 3290 communi,
909 3229 985 3280 male.
1000 3231 1146 3282 Terreban-

90 3306 146 3356 sius
158 3305 268 3376 corrigit
281 3317 452 3375 preeuntem,
464 3302 507 3355 hio
520 3303 605 3356 intac-
638 3317 774 3357 turomnes
781 3305 851 3358 libri.
860 3307 972 3360 Picheua
979 3310 1053 3361 velut
1062 3330 1076 3362 e
1086 3309 1146 3362 cod.

93 3397 151 3436 tum
163 3385 352 3454 praetermittit.
365 3381 417 3436 Sed
430 3382 467 3435 ibi
478 3401 536 3434 sane
545 3402 607 3453 pro-
637 3383 658 3434 F
659 3383 709 3435 lor.
716 3381 888 3434 deditexterr.
896 3384 968 3455 quod
975 3400 1147 3456 propagatum

92 3463 210 3516 habilior
219 3475 259 3514 eat
274 3463 430 3532 conjectura.
445 3462 494 3512 Hic
509 3474 606 3512 tentam
638 3481 719 3534 usque
738 3461 770 3512 ad
785 3462 923 3532 llyclrium.
939 3465 1011 3518 Eun,
1031 3467 1071 3518 Ibi
1091 3467 1146 3518 scil.

92 3539 423 3613 simpliciterdeaideratur‚
431 3559 480 3610 pro
489 3557 541 3610 quo
547 3559 608 3606 per·
638 3541 775 3592 recentiori
786 3558 862 3592 manu
872 3541 900 3592 id
910 3545 1124 3612 superscriptum.

92 3635 195 3674 tentare
204 3639 247 3690 ap.
257 3620 409 3672 Terentium
419 3659 426 3682 ‚
437 3619 605 3686 Ciceronem,
672 3621 781 3668 Postem
797 3618 883 3669 iduum
901 3620 952 3670 die.
971 3619 1100 3690 Hispanus
1115 3623 1149 3675 li-

93 3701 202 3754 Livium
212 3711 239 3749 et
250 3699 314 3749 alios
321 3697 426 3749 dicitnr.
436 3697 507 3749 Eun.
555 3753 560 3762 ³
639 3695 695 3758 ber,
705 3693 812 3744 dierum.
827 3696 885 3765 Ego
897 3711 1037 3768 utrumque
1048 3698 1148 3752 additi·

127 3783 186 3832 Per
199 3777 322 3846 beneficia
333 3777 493 3848 Nymphidii·
507 3777 539 3830 ld
551 3792 605 3844 est,
639 3776 705 3827 tium
713 3788 791 3844 put03
802 3789 934 3843 etpostero
942 3776 1041 3842 iduum,
1053 3780 1149 3834 scribo.
1168 3815 1171 3820 ·

94 3861 139 3930 qui
160 3858 278 3930 promoti
301 3869 384 3910 essent
403 3877 449 3928 per
473 3857 607 3930 Nymphi-
640 3854 710 3904 ers.
725 3854 833 3904 Dierum
850 3852 1148 3926 MS.F10r.(etBud.)

92 3938 184 4002 dium,
203 3957 248 3991 eos
267 3939 375 3990 incitare
396 3951 423 3990 et
443 3940 560 4002 irritare,
577 3952 608 3991 nt
640 3935 680 3986 At
693 3932 782 3986 Gueli.
801 3933 846 4001 (et
860 3934 944 4004 Agr.)
965 3935 1024 3988 edd.
1038 3935 1089 3990 die.
1104 3939 1151 3990 Pi-

92 4013 608 4086 Galbaesuspectos‚quiaNymphidium
640 4013 1150 4088 chenaconjiciebntjanuuri.(quiamox

94 4095 282 4166 inrisum-ipse
299 4095 445 4146 sustulerat.
465 4091 608 4149 Commune
642 4094 756 4148 occurrit
776 4091 875 4148 XVIII.
900 4091 953 4146 kal.
978 4094 1063 4164 febr.)
1090 4112 1150 4149 uam
