2896 5000
274 391 326 484 io
591 383 1009 460 HlsToultluiM
1157 381 1276 430 it...

275 517 428 596 Proinde
455 516 627 619 agendum
657 516 949 616 audendumque,
981 516 1066 588 dum
1093 451 1331 592 Galiigwiun-

273 639 397 708 toritas
417 634 529 721 fluxa,
552 633 687 706 Pisonis
710 633 869 706 nondum
891 631 1082 706 coaluisset.
1106 634 1333 733 Opportunos

273 749 413 852 magnis
442 749 618 822 conatibus
647 748 812 821 transitus
840 775 957 821 rerum
985 773 995 821 ε
1022 773 1087 821 nec
1112 748 1333 823 cunctatione

271 891 380 965 opus,
403 863 464 937 ubi
481 863 703 964 perniciosior
717 865 760 938 sit
777 863 893 963 quies,
911 889 1018 964 quam
1036 863 1220 938 temeritas.
1234 865 1333 936 illor-

272 997 347 1054 iem
368 979 532 1062 omnibus
548 1005 588 1054 ex
606 999 729 1053 natura
746 981 932 1080 aequalem,
954 977 1130 1053 oblivione
1145 978 1240 1078 apud
1253 1003 1333 1078 pos-

272 1113 366 1168 teros
394 1095 448 1170 vei
475 1095 585 1196 gloria
610 1093 790 1197 distingui.
818 1095 891 1192 Ac,
916 1092 945 1165 si
967 1112 1144 1167 nocentem
1163 1093 1333 1166 innocen·

273 1228 417 1310 temque
430 1211 523 1284 idem
542 1213 651 1285 exitus
668 1221 826 1307 maneat,
849 1206 991 1282 acrioris
1009 1207 1075 1285 viri
1094 1233 1187 1307 esse,
1207 1209 1332 1281 merite

273 1349 398 1424 perire.
418 1353 437 1393 n

325 1441 446 1513 XXII.
468 1441 553 1514 Non
578 1452 650 1512 erat
673 1436 824 1514 Othonis
845 1435 962 1510 mollis
977 1455 1012 1510 et
1039 1435 1178 1536 corpori
1208 1435 1334 1509 similis

273 1552 423 1628 animus.
431 1555 483 1626 iit
499 1552 614 1625 intimi
629 1551 834 1624 libertorum
850 1575 1117 1651 servorumque,
1135 1550 1333 1650 corruptius

273 1697 382 1772 quarn
395 1669 432 1741 in
447 1672 580 1767 privata
597 1668 701 1740 domo
715 1665 846 1765 hahiti,
865 1667 980 1740 auiam
994 1665 1147 1742 Neronis
1161 1686 1195 1742 et
1207 1667 1329 1765 luxus,

306 1887 341 1926 33.
357 1882 461 1926 Aerioris
472 1882 517 1924 viri
527 1893 577 1926 esre
590 1882 670 1923 niente
679 1882 764 1934 perire.
776 1881 811 1926 sic
827 1889 848 1925 ct
864 1881 913 1926 aod.
924 1885 974 1940 igr.
991 1887 1059 1927 Forte
1070 1891 1093 1926 et
1102 1882 1246 1937 imperatoris
1256 1882 1334 1924 etalii

262 1968 335 2000 ·esse.
348 1955 403 1998 nist.
416 1959 439 2006 3,
455 1958 502 2003 is..
514 1967 539 1996 se
550 1962 628 1996 tamen
640 1956 798 2009 imperatorem
812 1957 861 2008 eius
869 1958 947 2012 juisse
959 1956 1080 2010 respondit.
1092 1961 1116 2008 3,
1132 1960 1167 2008 3.‚
1178 1969 1247 1997 uuum
1258 1958 1334 1997 virum

274 2028 403 2082 ducemque
414 2026 518 2068 laudibus
525 2027 612 2080 jerunt.
622 2025 703 2068 Deinde
713 2025 788 2070 forsan
799 2037 875 2070 mente
886 2029 987 2072 iruerrita
997 2031 1078 2082 perire.
1089 2041 1154 2070 mens
1162 2028 1266 2070 interrita
1274 2025 1332 2083 apud

275 2105 387 2144 Nasonem
404 2101 457 2140 Met.
479 2116 500 2139 ιο
506 2130 513 2150 ,
531 2099 579 2139 616.
599 2099 731 2152 Imperator
744 2113 786 2156 pro
803 2098 858 2142 duee
873 2103 929 2144 Ano.
946 2115 970 2152 r,
985 2117 1029 2151 ro..
1041 2114 1070 2142 ne
1079 2101 1152 2152 gentis
1162 2112 1210 2142 sua
1221 2099 1331 2147 desertor,

276 2184 348 2227 quam
361 2171 486 2224 imperator
493 2184 544 2213 esse
554 2171 642 2216 mallet.
656 2186 685 2212 rr.
697 2205 703 2224 ,
715 2173 866 2216 Germanicus
876 2172 933 2216 dare
943 2175 966 2216 r'n
977 2173 1099 2216 discrimen
1109 2173 1209 2227 legiones
1219 2172 1283 2215 lraud
1291 2173 1333 2215 im·

274 2244 417 2298 peratorium
426 2250 497 2286 ratus.
510 2244 541 2285 26.
551 2273 559 2296 ,
568 2255 612 2286 non
622 2245 666 2286 nisi
675 2244 738 2298 apud
747 2245 887 2288 Germanias
896 2248 988 2300 assequi
994 2259 1076 2288 nomen
1084 2245 1263 2300 imperatorium.
1272 2244 1334 2288 laus

275 2317 428 2372 imperatoria
441 2329 462 2360 c.
474 2320 509 2362 52.
520 2320 575 2361 Anu.
588 2320 614 2368 ³,
627 2320 675 2373 qt„
689 2317 778 2360 Blasus
789 2318 886 2362 donatus
894 2327 1010 2373 postremo
1021 2319 1086 2362 titulo
1096 2319 1249 2373 imperatoris.
1258 2315 1332 2360 Possis

276 2395 313 2438 et,
332 2389 372 2442 agi
386 2400 437 2430 reos
448 2401 455 2428 :
468 2397 492 2431 at
500 2389 545 2431 viri
556 2401 607 2432 esse
616 2399 701 2432 metum
709 2420 717 2436 ,
729 2391 843 2433 interitum
850 2391 1153 2447 praevenireimperstorem
1161 2397 1256 2434 stentem
1268 2388 1330 2434 moti

277 2469 385 2518 oportere
395 2477 402 2503 ε
414 2459 448 2502 vei
457 2489 464 2512 ,
474 2461 520 2504 viri
526 2473 593 2510 esse,
605 2473 648 2504 non
656 2461 734 2504 inertis
742 2468 827 2504 metum
836 2464 967 2514 prevenire.
977 2461 1030 2506 Nou
1039 2471 1075 2506 est
1083 2464 1129 2506 uiri
1137 2465 1217 2505 timere
1224 2461 1332 2506 sudorem

276 2538 354 2578 senec.
366 2537 406 2590 Ep.
420 2537 454 2575 δι.
466 2531 538 2575 Livius
550 2536 588 2585 ωε,
601 2536 650 2586 44.,
665 2533 696 2576 Id
704 2541 738 2576 est
748 2535 793 2576 viri
802 2541 825 2576 et
833 2533 911 2582 duris,
922 2548 965 2578 non
974 2533 1160 2589 deessefortunoe
1167 2534 1276 2590 praebenti
1289 2547 1332 2582 se,

274 2613 301 2649 et
311 2607 388 2649 oblata
400 2603 562 2659 aasusieetere
572 2605 605 2648 ad
614 2605 743 2648 eonsilium.
753 2604 804 2647 Viri
810 2617 852 2660 pro
861 2603 957 2650 sortibus
967 2609 1056 2658 Ann.6‚
1066 2612 1115 2660 η..
1128 2610 1194 2650 lares
1201 2609 1332 2652 esseviros.

273 2683 356 2724 Seneca
367 2678 396 2722 de
406 2685 480 2720 morte
492 2677 577 2720 ciaudii
588 2693 595 2722 ε
608 2678 655 2720 Sed
669 2678 723 2736 quid
736 2690 777 2733 ego
793 2677 822 2720 de
837 2686 869 2722 tot
877 2679 966 2722 cronius
977 2682 1033 2723 viris
1044 2677 1141 2723 dicam?
1151 2701 1179 2714 ·-
1192 2684 1227 2732 tl.
1242 2679 1329 2723 Aulam

274 2749 376 2795 Neronis
389 2759 412 2793 et
421 2750 488 2792 tuens
501 2749 628 2800 adulteria,
644 2751 795 2794 matrimonia
809 2759 949 2807 ceterasque.
964 2758 1030 2796 Forte
1043 2752 1159 2796 adulteria
1170 2754 1328 2797 matrimonia-

274 2823 327 2871 lia,
344 2823 383 2865 uel
395 2824 597 2866 matrimoniorum.
613 2823 648 2866 sic
668 2820 811 2868 matrimonia
829 2821 910 2880 passim
929 2839 971 2881 pro
986 2824 1076 2868 feminis
1090 2825 1164 2884 nuptis
1182 2835 1267 2870 norton
1283 2825 1334 2872 vid.

274 2899 351 2940 (ἔνων.
361 2895 384 2937 in
396 2900 486 2940 sueton.
498 2909 521 2951 p.
534 2898 570 2941 38,
582 2903 604 2938 et
617 2893 709 2939 casaub.
723 2909 747 2951 p.
763 2908 809 2948 190.
820 2893 878 2938 state
891 2903 959 2938 tentet
968 2895 1025 2939 hune
1033 2896 1107 2940 locum
1114 2897 1333 2954 Gronoviuusiupm

275 2968 453 3012 concubinarum
468 2981 522 3011 mox
539 2983 573 3025 7²·
589 2968 729 3012 matronales
743 2979 807 3023 gena
821 2967 900 3011 Nasoni
914 2973 973 3014 Part.
985 2984 1011 3024 a,
1024 2972 1079 3024 8²8.
1088 2971 1221 3016 matronalis
1232 2973 1333 3028 grauitas

274 3038 349 3084 Plinio
360 3039 430 3098 Epist.
442 3043 469 3094 5,
486 3041 519 3086 16.
530 3041 661 3085 matronale
672 3040 742 3084 decus
752 3039 816 3084 Livio
825 3042 864 3092 ³4,
876 3039 897 3084 6.

275 3209 343 3264 Mox
359 3209 470 3274 proinde
483 3209 523 3260 Fl.
536 3204 737 3279 (Buri.)Gueli.
747 3202 789 3258 ed.
818 3269 820 3278 Ι
858 3208 991 3260 Τναηείῑιιε
1011 3227 1105 3263 rerum.
1127 3209 1332 3276 conversiones,

273 3302 318 3358 pr.
330 3285 417 3338 Ceteri
425 3287 513 3354 proin.
526 3286 595 3338 Enii.
822 3288 1037 3340 commutationes
1046 3290 1160 3358 imperii,
1168 3307 1228 3341 curn
1239 3288 1273 3342 ab
1282 3306 1334 3340 nno

309 3367 450 3438 Agendum
461 3365 663 3432 audendamque.
674 3360 789 3415 sietiv.
822 3363 855 3417 ad
875 3367 984 3418 alterum
1003 3368 1105 3420 transit.
1125 3365 1171 3420 Sic
1189 3387 1213 3422 o.
1232 3385 1275 3439 ²9·
1294 3385 1334 3420 nes

273 3460 322 3506 απ,
337 3446 391 3512 ι4.,
406 3443 541 3496 Audendo
552 3457 629 3511 arque
639 3437 739 3514 agendo
749 3457 789 3492 Μ
821 3445 965 3499 translata.
978 3449 1049 3500 Euri.
1088 3455 1090 3460 '

275 3539 384 3574 romana
395 3523 483 3573 crevit.
855 3525 975 3576 Acrior-u
992 3525 1045 3575 uiri
1058 3541 1121 3574 esse.
1141 3523 1262 3576 Aerion's
1276 3541 1332 3576 sus·

310 3601 432 3653 Nondum
448 3598 591 3652 coriluisset.
611 3597 635 3650 Ι.
652 3617 675 3650 e.
691 3597 790 3650 confir·
823 3617 927 3672 pentum
951 3601 1133 3654 Freinshemio.
1153 3605 1256 3656 Fortior
1274 3623 1332 3657 sane

276 3693 346 3730 mata
364 3695 445 3750 esset,
464 3680 651 3746 convaluissem
669 3691 789 3750 utsupra
823 3682 905 3734 oratio
928 3680 1016 3741 ioret,
1038 3680 1059 3731 si
1079 3677 1188 3732 obesset.
1209 3679 1263 3733 sed
1280 3701 1331 3734 nou

275 3761 374 3812 coalita
388 3761 506 3823 libertas,
524 3757 643 3810 audacia.
651 3758 688 3811 V.
706 3758 788 3812 indic·
822 3772 958 3832 propterea
968 3758 1075 3812 Tacitus
1082 3779 1132 3812 non
1142 3761 1178 3812 sic
1187 3758 1259 3814 dedit
1268 3781 1274 3812 ε
1284 3775 1333 3814 est·

275 3836 625 3907 martinummontem
639 3836 790 3887 auctoritate
822 3855 872 3908 que
887 3837 913 3887 in
930 3835 1050 3890 omnibus
1063 3837 1147 3890 libris.
1161 3837 1232 3891 Euo.
1247 3840 1331 3892 Acies

276 3918 381 3970 aazia.
396 3918 466 3970 Male
482 3929 509 3967 et
525 3915 659 3968 Acidalins
676 3917 790 3984 corrige·
822 3914 893 3964 viros
906 3913 984 3964 etiam
999 3910 1096 3966 Seneca
1111 3913 1191 3966 habet
1202 3913 1235 3966 de
1247 3929 1330 3968 morte

276 3991 324 4046 liat
348 3991 517 4048 convaluisset
538 4010 545 4044 ι
566 4011 626 4045 nam
649 3991 721 4044 idem
741 4003 788 4044 est.
822 3988 933 4043 Claudii.
944 3987 980 4044 Et
989 4005 1078 4044 nostro
1086 3991 1247 4059 infra2‚5.,
1263 3995 1330 4046 Ver-

278 4073 350 4130 Euu.
447 4103 449 4110 ·
820 4067 1236 4136 pusianusacermiiitiaedicitur.
