2896 5000
278 401 331 493 44
590 405 1013 490 HISTORIARUM
1161 421 1276 466 ww·

278 529 490 632 ambigenti,
507 533 707 610 universum
722 539 829 614 vicini
842 569 985 647 agrum,
1003 573 1064 622 sua
1081 487 1336 660 pectiniabmp-

276 655 356 716 tum
366 699 377 742 ,
388 646 483 720 dono
495 647 627 724 dederit
642 676 652 724 z
667 679 727 751 per
740 657 934 732 socordiam
944 665 1119 766 preelecti,
1133 695 1238 770 quem
1249 690 1335 748 nota

275 759 406 856 pariter
417 781 451 835 et
467 765 600 839 occulta
612 766 788 844 fallebant.

326 875 451 951 XXV.
466 879 533 954 Sed
552 899 627 952 tum
647 881 814 958 elibertis
828 887 1060 968 Onomastum
1076 897 1195 972 futuro
1212 901 1334 976 sceleri

274 989 448 1090 praefeoit,
460 1021 480 1066 a
491 1019 562 1095 quo
573 996 740 1070 Barbium
757 1001 963 1104 Proculum,
981 1016 1200 1087 tesserarium
1214 1041 1334 1115 specu·

274 1101 445 1206 latorum,
467 1127 501 1182 et
521 1109 729 1212 Veturium,
752 1115 930 1213 optionem
951 1126 1158 1228 eorundem,
1184 1128 1334 1229 perduc-

274 1281 320 1333 cit.
332 1295 359 1335 st
368 1283 401 1337 C.
412 1283 446 1340 G.
456 1287 596 1342 Schwarzii
606 1289 667 1343 diss.
677 1289 709 1342 de
717 1290 785 1361 Sps·
818 1283 896 1347 babet
903 1311 1060 1354 tesserarium
1068 1305 1251 1374 speculatoriam
1266 1306 1334 1373 Plu-

274 1361 594 1435 cnlatorib.llom.4.Alt.
608 1371 785 1440 apud-*Et
817 1391 846 1424 ra
870 1373 903 1427 de
929 1381 1076 1435 Tesseron'o
1098 1399 1125 1438 et
1151 1387 1260 1453 Optioue
1282 1387 1333 1439 dat

273 1441 329 1493 Jsc.
353 1444 475 1501 Raevsrdi
499 1451 611 1520 conjeet.
634 1469 677 1520 op.
703 1464 723 1503 t.
750 1469 783 1518 1,
817 1452 901 1508 Marc.
915 1456 1116 1517 Donatasadh.
1126 1467 1146 1517 l.
1161 1465 1284 1518 Torreat.
1295 1465 1334 1518 ad

272 1535 300 1586 p.
316 1536 374 1588 279.
817 1531 889 1586 Suet.
902 1534 967 1590 Otb.
983 1539 1009 1592 5.
1026 1543 1133 1612 praefert
1143 1546 1332 1610 speculatorem

304 1597 496 1654 Donodedem't.
504 1601 577 1655 Suet.
585 1603 650 1656 Oth.
660 1604 685 1670 4.
694 1621 784 1655 eman·
817 1623 843 1661 st
855 1630 916 1664 mox
927 1617 1025 1670 eodem.

270 1675 380 1742 ciparr‘t,
396 1679 429 1730 de
442 1699 495 1751 quo
505 1703 532 1734 v.
544 1682 679 1736 Brammer
690 1683 722 1736 ad
731 1685 783 1756 lcg.
850 1690 984 1753 Optionem
1006 1697 1154 1750 eorundem.
1176 1697 1333 1750 constituta

272 1751 424 1809 Cinciamc.
437 1759 481 1820 13,
494 1778 520 1829 p.
532 1777 590 1828 ²⁰9·
815 1761 893 1817 lectio
911 1769 1013 1838 pridem
1032 1772 1065 1824 ab
1082 1776 1177 1827 eximio
1198 1773 1331 1845 Cujacio,

302 1836 360 1884 Per·
369 1838 514 1889 socordiam
521 1840 652 1909 proefiacti.
662 1841 723 1894 Haee
733 1841 783 1893 du·
815 1841 874 1895 loco
885 1864 962 1916 quem
970 1850 1023 1920 jam
1034 1851 1097 1905 dixi.
1110 1853 1168 1906 Nisi
1184 1853 1269 1925 quod,
1280 1872 1331 1904 eo-

269 1912 324 1964 rins
331 1928 424 1966 coeunt
433 1935 493 1968 eum
501 1917 724 1972 antecedentibus.
732 1922 782 1972 lta·
815 1920 934 1988 rendam,
948 1929 1053 1995 scripsi,
1068 1949 1134 1995 non,
1152 1931 1254 1993 codem,
1274 1930 1332 1983 fide

270 2005 321 2058 qne
332 1993 424 2058 putavi
434 1994 572 2065 aliquando
582 1997 641 2048 loco
649 2011 718 2048 mota
728 2016 781 2050 esse
814 1997 933 2054 Vaticani
943 2005 1013 2058 libri.
1025 2007 1154 2080 Optiones
1164 2029 1269 2062 romana
1279 2013 1331 2063 mi·

269 2079 296 2118 et
308 2071 424 2137 ponenda
436 2088 495 2142 post
505 2075 646 2138 divideret,
663 2077 708 2130 ubi
722 2097 781 2130 sane
814 2077 870 2128 litia
884 2093 959 2133 vetus
972 2083 1053 2146 dixit,
1072 2089 1116 2156 qni
1133 2107 1147 2138 a
1162 2087 1330 2157 dignioribus

269 2149 421 2203 commodus
431 2153 504 2206 locus
514 2156 590 2209 foret.
599 2155 664 2220 Sed,
673 2160 694 2210 si
701 2159 781 2211 verba
813 2171 873 2204 cum
881 2157 962 2226 gradu
971 2161 1098 2215 militibus
1105 2163 1232 2234 adoptati,
1241 2167 1331 2217 vicem

269 2222 325 2276 baee
339 2240 398 2280 sunt
416 2247 463 2282 suo
477 2232 552 2296 loco,
571 2235 703 2286 referenda
720 2249 781 2288 sunt
814 2237 1044 2293 eorumsubibant.
1053 2242 1185 2297 Posterior
1193 2244 1329 2308 aetas,nisi

269 2300 301 2352 ad
312 2303 474 2370 intendebat,
485 2310 527 2362 vel
537 2312 664 2363 animosus
675 2332 781 2383 corrup·
813 2310 903 2376 fallor,
921 2313 1025 2369 diverso
1042 2321 1156 2388 paullum
1173 2339 1262 2383 sensu,
1278 2323 1326 2390 qni

268 2394 316 2434 tor.
331 2383 401 2435 Ean.
813 2389 887 2440 velut
909 2393 1029 2445 custodes
1048 2396 1167 2466 quidam,
1188 2395 1280 2448 arbitri
1297 2411 1325 2450 et

312 2463 486 2516 Tesserarium
515 2471 709 2535 speculatorum.
739 2471 780 2522 Ita
812 2469 981 2538 inspectores.
989 2473 1145 2529 Plutarchus
1153 2478 1172 2528 l.
1184 2497 1208 2530 c.
1219 2474 1325 2530 dareri-

266 2542 394 2611 seriptum
408 2547 470 2597 meis
480 2547 563 2599 libris.
575 2548 630 2601 Cur
640 2550 780 2620 spernam?
813 2568 856 2615 pur
868 2551 950 2602 vertit
963 2572 969 2602 :
981 2565 1007 2604 et
1016 2555 1042 2604 in
1052 2555 1139 2626 legum
1151 2557 1228 2608 libris·
1240 2557 1325 2626 Optio

266 2619 428 2674 Tesserarios
448 2627 516 2678 enim
539 2647 598 2680 suos
627 2629 779 2684 cohortibus
811 2626 1018 2691 sabricae‚simili
1027 2637 1157 2686 sensuzin
1166 2633 1323 2700 Ambrosio,

266 2701 459 2766 speculatorum
482 2704 574 2768 fuisse,
600 2707 709 2759 credam
726 2727 778 2761 non
812 2703 896 2772 Optio
914 2709 1025 2759 carceris
1047 2712 1182 2781 scriptum.
1195 2709 1325 2763 Videntur

266 2797 341 2831 vane.
353 2779 381 2832 si
393 2784 452 2852 quis
466 2797 550 2837 tamen
557 2786 669 2856 junctim
685 2790 776 2853 malit,
811 2783 837 2834 'm
848 2801 950 2854 quaque
961 2789 1076 2839 centuria
1086 2788 1114 2840 hi
1124 2790 1218 2853 fuisse,
1237 2809 1269 2841 ex
1281 2790 1324 2840 la-

266 2859 779 2938 tessemriumspsculatorem.Haudpug·
811 2862 871 2934 pide
879 2865 923 2934 qui
931 2865 1059 2920 inPioeno
1067 2866 1205 2940 (ap.Grut.
1215 2867 1323 2940 p.551.)

264 2955 334 2988 nem.
353 2938 382 2988 In
397 2941 522 3006 glossario
536 2945 638 3012 prisco:
653 2953 777 3013 rpeppe-
811 2960 965 2995 c.r.vcu.1vs
977 2964 983 2994 :
996 2963 1020 2998 c.
1031 2963 1055 2998 r.
1067 2965 1128 3001 vnn.
1139 2964 1253 3000 vrnnnx.
1262 2965 1326 3001 utu.

266 3016 318 3068 πός
330 3033 336 3064 :
347 3017 443 3081 scriba,
458 3023 617 3074 tesserarios.
631 3021 774 3094 inlepide,
812 3037 874 3072 con.
884 3037 921 3070 vr.
933 3039 1019 3074 runs.
1028 3039 1086 3076 vrx.
1098 3040 1163 3077 suu.
1172 3041 1241 3076 xxx.
1251 3043 1324 3076 urna-

265 3092 363 3144 llomae.
384 3112 449 3148 svn.
470 3115 632 3150 cimmo,
652 3117 694 3160 RQ,
716 3119 777 3154 con.
812 3111 993 3150 nummorum
1006 3117 1056 3152 xu.
1073 3120 1251 3155 rnructrauts.
1269 3119 1322 3152 ss-

264 3185 365 3222 ψπ.
375 3189 546 3228 uvernerus.
558 3193 611 3238 Qvi.
621 3195 776 3229 urnrrsvrn.
810 3193 986 3230 resarciamus.
1002 3198 1125 3236 rnrnvru.
1139 3200 1253 3234 nniunn.
1269 3199 1321 3234 or-

264 3265 294 3300 tu
319 3264 362 3308 no.
373 3267 502 3304 secvnns.
512 3271 631 3306 rrsnrcs.
645 3272 775 3307 usmana—
810 3275 862 3309 rto.
879 3275 908 3307 ru
927 3275 1071 3312 curruum.
1087 3260 1162 3314 Alibi
1179 3275 1324 3332 utrumque

264 3329 777 3402 servs.summ.Plutarchusinbaoipsa
806 3337 926 3406 junctum
946 3339 1034 3410 legas,
1060 3353 1086 3392 et
1110 3344 1272 3394 tesserarium
1293 3354 1323 3394 et

264 3407 411 3459 narratione
422 3427 446 3460 c.
459 3411 501 3476 ἥ.
517 3414 553 3461 'Er
566 3411 596 3462 di
609 3413 703 3466 τούτοις
714 3415 775 3466 Ois-
809 3417 941 3487 optionem
965 3439 971 3469 :
994 3431 1023 3470 ut
1044 3419 1070 3470 in
1094 3419 1140 3470 illo
1166 3437 1321 3486 marmore,

263 3487 356 3553 rsv'puc
368 3488 409 3537 esi
421 3487 539 3556 Βέρβιος,
555 3490 565 3540 ὃ
580 3490 626 3555 μὶν
644 3489 747 3555 ὀπτίων,
765 3493 775 3544 ὅ
809 3513 985 3558 norrenses.
1004 3514 1129 3551 nrvsnnnr.
1146 3515 1325 3552 rassnnrtnro.

263 3567 467 3636 Μισσιρίιριος·
479 3569 542 3620 οὕτω
552 3573 600 3639 peip
611 3573 744 3625 καλοῦνται
754 3576 777 3626 ri
810 3591 928 3626 orrroru.
942 3573 1004 3644 (cf.
1014 3587 1040 3625 et
1051 3574 1132 3628 Grut.
1142 3595 1171 3646 p.
1182 3576 1245 3644 445,
1261 3575 1322 3646 ιο.)

264 3649 299 3699 Ν
312 3649 424 3715 ἀγγέλων
436 3649 478 3700 sei
489 3653 628 3719 drensipur
645 3657 776 3723 inspiciet
810 3654 879 3706 Male
890 3667 977 3704 autern
986 3653 1110 3708 haetenus
1118 3657 1146 3708 in
1156 3657 1251 3710 Tacito
1262 3656 1304 3709 bio
1311 3695 1320 3719 ,

262 3727 394 3780 suasisset.
412 3727 482 3779 Lu’s.
503 3730 677 3782 Tesserurium
695 3733 776 3785 suita
811 3731 950 3792 Othonem,
966 3731 1077 3797 lectum,
1094 3747 1184 3784 contra
1202 3735 1322 3785 meliores

264 3825 307 3874 pr.
323 3807 440 3857 mannia
457 3805 546 3860 Gueli.
559 3823 596 3862 est
606 3813 633 3862 in
643 3811 684 3863 sd.
700 3814 775 3882 me
808 3809 906 3870 libros,
926 3811 1039 3880 itemquo
1058 3811 1158 3883 Cujacii
1175 3815 1274 3866 monita
1293 3825 1320 3864 ct

263 3902 317 3955 quo
328 3883 426 3935 iactum
437 3885 463 3934 in
472 3884 514 3938 ed.
524 3885 661 3940 Puteolani
667 3901 776 3942 tessera·
809 3887 925 3940 Turnshi
938 3889 1009 3943 Adv.
1020 3892 1050 3958 4,
1062 3911 1085 3960 7.
1098 3893 1167 3944 ers.
1184 3894 1321 3959 optionem

262 3979 338 4024 uum,
358 3962 425 4013 vitio
444 3960 609 4016 hauddubie
628 3983 775 4036 operarum.
808 3966 888 4020 MSS.
902 3969 971 4022 Flos.
986 3971 1052 4024 Bud.
1069 3970 1110 4023 sd.
1125 3992 1166 4043 pr.
1178 3973 1218 4024 At
1228 3970 1318 4024 Guelf.

261 4043 298 4096 Et
314 4054 400 4092 tamen
417 4040 444 4092 id
463 4059 636 4114 propagatum
649 4047 776 4119 usquead
808 4047 848 4100 ed.
864 4047 968 4102 Puteol.
984 4069 1042 4122 sqq.
1060 4050 1188 4122 usquead
1202 4053 1321 4123 Lipsiunr

261 4120 390 4192 lipsium·
412 4119 485 4177 Eur.
504 4121 571 4176 Bud.
590 4123 661 4180 idem
680 4125 776 4183 vitium
810 4129 945 4185 Othonem.
961 4130 1043 4188 iidem
1059 4131 1122 4188 libri
1139 4129 1240 4188 eodem.
1254 4131 1321 4186 Post

869 4345 872 4358 ι
955 4307 969 4336 t
