2896 5000
127 381 244 528 rite
491 405 665 504 tuus
689 410 717 483 1-
1083 415 1131 516 a

126 539 288 616 xxvlt.
316 533 454 633 xviii.
481 541 564 615 Kal.
598 543 701 616 Febr.
737 541 940 616 sacrificanti
967 566 1032 644 pro
1061 547 1135 622 aedc

77 656 260 758 Apollinis
274 656 403 742 Galba
422 655 591 758 haruspex
610 655 817 730 Umbricius
838 685 856 724 u
873 657 983 731 tristia
1004 677 1081 732 exta
1100 677 1135 734 et

76 773 247 846 instantes
265 761 407 844 insidias
431 797 471 844 ac
497 771 727 844 domesticum
751 771 888 845 hostem
902 801 920 841 n
948 773 1135 873 praedicit:

75 887 241 962 audiente
255 884 395 963 othone
410 886 513 983 (narn
531 886 711 987 proximus
727 887 927 986 adstiterat)
948 888 1073 990 idque,
1096 909 1137 965 ut

74 1003 244 1076 laetum'e
265 1001 455 1100 contrario,
476 1017 512 1074 ct
531 1001 602 1074 suis
621 1001 889 1104 cogitationibus
911 1023 1137 1105 prosperum,

75 1107 337 1219 interpretante.
354 1120 431 1191 Nec
447 1117 560 1190 multu
573 1135 651 1218 post
665 1118 810 1192 libertus
822 1122 1036 1194 Onomastus
1049 1143 1138 1196 nun·

3 1293 4 1296 ,
76 1232 165 1331 tint,
183 1231 397 1333 compactam
407 1254 488 1306 eum
502 1232 547 1304 ub
558 1232 744 1306 architecto
756 1253 789 1307 et
803 1233 1080 1335 redemptoribus
1093 1265 1102 1312 τ
1114 1269 1134 1310 n

75 1373 160 1448 quae
172 1347 376 1449 significatio
392 1347 592 1421 coeuntium
609 1347 681 1446 jam
701 1346 856 1420 militum
870 1369 903 1422 et
917 1369 1045 1449 paratae
1059 1371 1139 1426 con*-
1241 1373 1247 1384 ’

75 1463 264 1564 intrationis
280 1477 496 1538 conuenerat.
513 1461 626 1561 Otho,
652 1491 672 1531 u
681 1481 838 1536 caussam
856 1463 1031 1566 digressus
1040 1495 1059 1536 n
1087 1495 1138 1542 re-
1217 1480 1221 1488 '

73 1579 299 1680 quirentibus
310 1635 320 1678 ,
332 1599 434 1678 cum,
452 1609 470 1648 u
480 1577 550 1652 emi
561 1575 627 1650 sibi
642 1577 772 1677 praedia
785 1587 956 1654 velustate
968 1595 1137 1681 suspecta,

76 1719 191 1798 eoque
204 1694 302 1795 prius
314 1693 542 1794 exploranda,
553 1719 572 1760 n
586 1691 755 1782 finxisset,
767 1692 906 1767 innixus
918 1696 1062 1796 liberte,
1075 1722 1138 1797 per
1207 1761 1209 1766 .

76 1810 307 1884 Tiberianam
314 1809 478 1898 domurn,
493 1808 530 1880 in
545 1807 760 1898 Velabrum,
772 1808 862 1885 ¹inde
878 1811 922 1884 ad
938 1809 1137 1886 Milionium

77 1947 244 2022 aureum,
263 1925 329 1998 sub
345 1917 456 1998 aeslem
476 1920 634 2018 Saturni,
654 1917 780 2024 pergit.
796 1923 851 1996 lbi
867 1937 935 1998 tres
954 1941 989 2000 et
1011 1925 1138 2028 viginti

77 2041 311 2142 speculatores
334 2037 587 2111 consalutatum
613 2033 903 2134 uimpcratorem,
916 2067 933 2108 n
961 2061 1001 2112 ac
1023 2039 1139 2139 pauti-

78 2173 151 2230 tate
168 2152 392 2228 salutantium
408 2149 601 2250 trepidum,
618 2163 652 2220 et
672 2149 765 2220 sellae
781 2149 985 2227 festinanter
998 2152 1140 2253 imposi-

80 2291 178 2369 tum,
193 2267 323 2343 strictis
335 2265 560 2340 mucronibus
571 2262 723 2361 rapiunt.
743 2265 910 2348 Totidem
925 2267 1034 2361 ferme
1050 2267 1140 2340 mili·

79 2403 132 2460 tes
154 2385 193 2458 in
216 2383 339 2458 itinere
362 2373 593 2483 adgregantur
614 2399 623 2449 t
646 2375 707 2448 alii
729 2379 956 2471 conscientia,
981 2381 1139 2482 plerique

80 2498 269 2588 miracnl03
280 2523 359 2600 pars
371 2496 522 2570 clamore
533 2511 566 2568 et
577 2491 716 2594 gaudio,
728 2515 806 2594 pars
818 2487 968 2586 silentio,
980 2497 1138 2571 animum

80 2642 123 2690 eu
138 2631 263 2720 eventu
278 2610 463 2712 sumpturi.

111 2797 149 2855 ³7·
161 2792 198 2854 Et
206 2795 390 2852 redemptoribus.
401 2783 434 2836 Et
443 2785 609 2846 reparatoribus
619 2783 670 2833 cod.
679 2789 732 2847 Agr.

116 2932 189 2981 Nam
198 2931 317 2998 proxime
326 2929 396 2988 adst.
412 2930 444 2982 la
456 2925 522 2979 ned.
532 2939 593 2976 mm
626 2924 692 2976 thes.
703 2927 739 2979 Α,
750 2928 783 2980 ll.
791 2939 811 2980 t.
821 2930 847 2996 4.
858 2931 1015 2982 Arnttanius
1024 2929 1050 2982 in
1058 2927 1138 2982 Thes.

82 3005 164 3062 stema.
267 2996 272 3012 ⁴
625 3003 865 3091 disabelgiaevol.
878 3027 900 3058 1.

116 3089 260 3141 mintium
268 3101 381 3139 mmm-
388 3085 515 3140 Columna
523 3097 554 3135 en
563 3099 594 3136 eo
659 3085 708 3135 Sat
717 3085 799 3136 oedem
809 3089 924 3140 Saturni.
940 3087 1036 3158 Regius
1046 3081 1136 3158 (Bnd.)

84 3164 207 3226 metullo,
217 3177 248 3216 nt
258 3163 412 3218 Plutarchus
421 3159 464 3214 hic
475 3164 502 3213 ln
509 3158 595 3213 Galba
626 3161 747 3214 eudoxia
760 3164 841 3216 adem
853 3163 968 3218 Saturni.
977 3163 1054 3219 Unde
1069 3163 1139 3218 ilbe-

84 3242 212 3295 describit
220 3261 244 3294 c.
257 3241 347 3310 adad
354 3259 431 3305 quum
442 3241 495 3292 vs'oe
510 3253 598 3290 amnes
628 3249 710 3291 nanus
730 3241 819 3304 elicit,
841 3239 901 3292 inde
924 3243 951 3292 in
972 3245 1080 3296 Saturni
1100 3261 1137 3296 sc.

84 3335 118 3370 ea
129 3320 210 3371 ltalia
225 3318 381 3371 tissimum.
400 3320 472 3371 hait
487 3318 596 3387 Augu·
630 3318 722 3370 adem.
729 3320 803 3372 Falso
809 3334 927 3393 uterque.
933 3320 1073 3375 Suetonius
1079 3341 1141 3376 con-

84 3412 137 3462 aaa,
154 3414 211 3450 cum
227 3409 332 3450 cumr·
341 3397 443 3450 viarum
456 3407 533 3454 esset,
545 3395 597 3446 Dio
629 3400 711 3451 vincit
724 3399 787 3451 Otb.
796 3402 824 3453 6.
836 3413 863 3451 us
873 3419 900 3451 se
914 3403 942 3452 in
943 3402 1026 3470 storo,
1038 3404 1138 3473 inquit,

86 3479 133 3546 54,
151 3481 177 3531 8.
193 3491 221 3530 et
234 3479 328 3530 statuis
343 3477 467 3543 incapite
483 3474 597 3526 Romani
629 3477 673 3527 arab
687 3477 743 3526 oede
760 3479 867 3529 Satami
880 3479 919 3530 ad
937 3479 1075 3532 miliarium
1089 3497 1139 3530 au-

79 3558 152 3623 fori.
163 3558 232 3610 Plin.
242 3560 271 3621 3,
281 3573 307 3626 9.
316 3557 408 3609 Victor
417 3555 492 3624 juxta
508 3557 596 3606 alcum
629 3571 698 3607 reum
709 3557 897 3622 opperirentur.
909 3559 978 3609 ers.
994 3558 1045 3610 Sul
1057 3555 1141 3610 cadam

87 3634 595 3706 Jsgsriumcollocat(reg.t.)etrecte.
628 3633 717 3687 Guelf.
729 3633 785 3684 cede
794 3631 836 3687 ed.
847 3649 890 3704 pr.
900 3633 970 3688 Ean.
1138 3639 1143 3650 “

88 3711 173 3764 AEdss
186 3713 401 3782 Opisetdatumi
407 3712 435 3761 in
448 3713 507 3762 vico
515 3712 597 3782 Iuga·-
661 3711 732 3764 Pars
746 3713 860 3764 clamore
874 3727 898 3765 et
912 3713 1016 3784 gladius.
1038 3713 1144 3784 Gladiis

88 3793 287 3845 timbfilt'atmm
295 3803 411 3843 uuluam.
419 3791 524 3843 Lissv.
532 3791 598 3860 llyc⁴
629 3791 691 3846 libri
701 3806 789 3844 omncs
800 3793 843 3860 (in
855 3792 895 3845 bis
905 3787 972 3848 Bud.
981 3796 1001 3866 ).
1014 3795 1052 3849 At
1062 3797 1083 3849 F
1084 3815 1142 3850 aer·

89 3872 145 3928 kias
153 3873 186 3926 sd
197 3871 225 3924 h.
236 3874 254 3924 l.
265 3869 530 3923 Collectuuasdemil.
541 3886 595 3922 aur.
629 3889 677 3926 nna
686 3913 693 3937 ,
703 3867 836 3936 Muretus,
852 3873 986 3928 Acidalius
997 3878 1074 3929 etalii
1085 3897 1142 3932 cor-

88 3951 158 4006 ladit
168 3954 300 4020 bruteriue
309 3950 340 4002 ad
348 3949 374 4004 b.
384 3951 403 4002 l.
413 3947 598 4004 Eravidean·
629 3954 717 4022 rigant
725 3949 876 4020 gaudiisuel
884 3951 979 4018 gaudio
991 3953 1144 4032 (sicPicb.)>

90 4043 131 4082 tur
148 4031 182 4083 de
199 4049 232 4084 eo
247 4030 364 4082 berillus
381 4031 407 4080 in
425 4029 493 4082 Dios.
513 4029 596 4083 Acad.
630 4031 727 4083 Verum
748 4043 823 4103 puto.
848 4027 916 4083 Nam
936 4031 1032 4087 milites
1052 4049 1142 4088 omnes

91 4106 199 4162 Conon.
211 4121 231 4160 t.
252 4127 276 4160 ι.
292 4105 441 4160 Holstsnius
455 4109 481 4160 in
497 4105 598 4162 Graevii
629 4111 731 4180 gladios
748 4107 845 4163 babent
864 4129 870 4160 ι
889 4113 938 4163 nisi
956 4113 1022 4165 velis
1039 4113 1138 4167 intelli*
