2896 5000
276 385 329 473 ²4
594 375 1010 454 HISTORIARUM
1156 378 1270 426 r.o.s„,

1155 445 1180 486 Δ.
1209 475 1214 486 .
1230 449 1235 458 “
1250 477 1256 488 .

275 507 437 584 nationis.
449 507 586 598 Africa,
595 537 635 584 ac
645 509 798 612 legiones
813 510 848 583 in
861 538 919 608 ea,
931 511 1108 586 interfecto
1116 449 1330 590 ClodilMa·

274 649 348 712 cro,
361 641 521 700 contenta
533 625 778 727 qualicumque
788 626 958 728 principe,
969 647 1047 728 post
1056 629 1329 728 experimentum

274 739 412 812 domiui
424 739 579 815 mineris,
594 743 686 816 Duae'
695 742 939 835 Mauretaniae,
957 741 1117 845 Rhaetia,
1135 744 1326 842 Noricum,

310 982 342 1023 ¹9·
354 967 439 1023 Africa
447 983 477 1014 oe
487 971 593 1028 Iegioroes.
604 971 714 1031 Africam,
721 970 772 1018 cod.
784 971 856 1032 Agr-ic.
866 977 934 1018 Forte
943 973 1095 1032 Africamque
1103 989 1134 1024 ro.
1145 974 1249 1034 maha,
1261 976 1331 1022 ium*

272 1039 340 1106 'secto
351 1041 430 1086 Clodio
438 1043 526 1088 Macro.
534 1064 560 1078 -
572 1060 607 1090 ao.
618 1045 714 1088 Domini
723 1045 823 1089 ntiuoris.
835 1045 926 1097 Peioris
938 1045 987 1091 cod.
999 1051 1052 1108 tgr.

273 1239 409 1294 habemus.
425 1244 492 1296 Ltrs.
502 1244 605 1297 Dicitur
615 1243 728 1315 ejusdem
738 1263 787 1294 na·
820 1240 909 1295 Guelf.
920 1244 987 1316 Agr.
1002 1245 1044 1299 ed.
1058 1267 1097 1316 pr.
1114 1247 1249 1308 conteram,
1260 1257 1289 1296 ut
1299 1243 1334 1296 ad

272 1321 368 1383 tionis,
385 1323 444 1392 quia
462 1324 489 1374 io
507 1321 624 1394 AEgypto
640 1338 715 1376 natus
732 1333 787 1376 erat
820 1320 946 1391 Africam
957 1323 1090 1376 reseratur.
1106 1325 1172 1394 Quat
1187 1341 1228 1376 res
1244 1323 1332 1392 suspi-

274 1415 309 1448 ex
319 1398 429 1461 familia,
440 1399 548 1452 Judaica
559 1402 602 1452 illa
613 1401 731 1472 quidem,
743 1399 787 1453 sed
820 1401 919 1452 cionem
925 1403 1037 1475 aliquam
1044 1423 1147 1456 movere
1153 1400 1332 1474 potest‚verba

275 1492 334 1546 qure
355 1477 518 1529 Alexandrie
538 1475 609 1530 sedes
626 1481 788 1531 fortunarum
820 1498 851 1531 ae
863 1479 973 1553 legiones
987 1485 1014 1533 in
1029 1503 1061 1535 ea
1075 1503 1128 1536 esse
1138 1484 1262 1544 insiticia,
1272 1494 1332 1532 nata

275 1550 398 1616 liaberet,
420 1567 536 1606 ceterum
561 1554 661 1608 dudum
681 1558 787 1608 civitate
820 1557 853 1610 ab
864 1578 909 1624 eo,
922 1563 967 1632 qui
977 1561 1046 1615 hune
1060 1564 1148 1616 locum
1158 1560 1333 1633 superioribus
1436 1563 1437 1568 ’

276 1648 382 1684 romana
396 1632 506 1696 donata,
522 1647 548 1685 et
565 1649 708 1706 equestrem
726 1654 787 1708 gra·
820 1637 929 1687 similem
940 1638 1047 1690 reddere
1056 1641 1177 1693 voluerit.
1188 1639 1330 1692 uescen-

275 1708 341 1761 dum
352 1711 455 1782 adepta.
465 1712 536 1764 Etru.
553 1711 595 1763 Gi.
613 1725 639 1764 et
650 1715 685 1766 Η.
696 1729 726 1772 a,
739 1715 788 1782 74,
820 1727 891 1767 tento
904 1719 1006 1770 restitui
1017 1737 1075 1770 curn
1086 1719 1143 1789 Bip.

273 1805 318 1859 79.
330 1793 449 1844 Alciatus
459 1805 544 1859 putat,
552 1811 611 1844 curn
621 1811 684 1866 esse,
693 1792 726 1845 de
735 1811 788 1864 quo
853 1795 918 1844 Post
925 1811 1014 1863 ceper.
1029 1794 1128 1847 domini
1140 1795 1255 1847 minon'e.
1267 1794 1334 1864 Quis

276 1871 377 1924 Juven.
396 1891 424 1936 1,
444 1873 485 1926 ³0.
502 1871 547 1925 sed
561 1875 652 1925 saltem
666 1873 734 1926 lilius
749 1875 788 1924 is·
821 1884 860 1922 est
873 1871 989 1924 dominus
1004 1875 1111 1926 minor?
1121 1872 1271 1926 Macerlde
1282 1873 1334 1924 hoo

274 1949 330 2001 tius
343 1953 403 2016 fuit.
821 1952 922 2021 accepit
939 1950 1059 2006 Savilius.
1077 1955 1140 2025 Ejus
1153 1952 1333 2007 crudelitatem

311 2027 426 2095 Africa,
441 2047 472 2080 ac
485 2031 595 2101 legiones
605 2033 631 2082 in
641 2050 681 2084 ea.
699 2031 789 2084 Plures
821 2048 880 2082 sane
896 2045 968 2084 erant
978 2036 1088 2102 experti.
1101 2032 1155 2086 Sed
1164 2051 1195 2084 an
1212 2033 1235 2083 is
1247 2031 1334 2084 domi-

274 2105 358 2176 igitur
371 2109 485 2177 legiones
500 2123 561 2160 tunc
573 2112 599 2161 in
615 2112 705 2163 Africa
716 2109 729 2160 ?
739 2109 789 2162 Vix
821 2107 889 2160 nus?
898 2106 975 2160 Solus
985 2111 1125 2180 imperator
1133 2111 1238 2182 proprie
1248 2108 1334 2161 domi-
1434 2129 1435 2134 ¹

276 2185 383 2254 opinor.
396 2184 464 2245 Adi,
483 2189 504 2238 si
517 2185 605 2251 lubet,
624 2207 681 2259 quae
699 2190 790 2258 scripsi
822 2205 879 2240 nus.
890 2187 946 2239 Aut
956 2207 1007 2239 non
1019 2190 1137 2260 intelligo
1148 2190 1278 2251 satis‚ant
1291 2189 1333 2240 le·
1434 2205 1435 2208 ’

275 2266 318 2319 A·
327 2265 359 2330 4,
371 2266 395 2317 5.
407 2264 465 2318 Una
477 2283 536 2318 sane
546 2267 674 2320 ordinaria
686 2270 753 2338 legio
763 2271 789 2320 in
823 2265 933 2336 gendum
944 2279 983 2319 est
996 2266 1096 2320 domitii
1103 2269 1198 2334 prioris
1215 2267 1263 2335 (nt
1271 2268 1299 2319 in
1310 2287 1333 2320 o.

275 2343 383 2405 Africa,
395 2363 478 2414 neque
488 2347 562 2398 aliter
570 2349 637 2400 inira
652 2362 786 2412 numerat,
821 2347 887 2414 Agr.
896 2346 916 2414 ].
931 2345 1058 2400 Dominus
1075 2349 1162 2416 prior,
1177 2347 1262 2412 Nero,
1276 2348 1336 2402 talis
1433 2398 1434 2413 ,

277 2437 325 2476 aut
336 2426 459 2487 nominat,
470 2425 520 2478 hoo
531 2429 588 2497 ipso
598 2447 664 2480 anno
672 2429 704 2480 H.
713 2429 737 2496 4,
745 2429 788 2496 48.
821 2423 941 2492 cognitus
951 2421 1050 2486 luerat,
1061 2437 1091 2475 ut
1101 2424 1176 2476 facile
1184 2425 1275 2476 Africa
1282 2424 1337 2476 ier·

274 2505 357 2575 Legio
363 2507 390 2556 in
400 2504 511 2577 Africa,
523 2507 788 2574 auxiliaquerutandis
821 2513 861 2552 ret
878 2503 1082 2573 qualemcunque
1100 2503 1187 2555 alium.
1205 2501 1235 2556 Si
1249 2517 1335 2556 tamen

275 2583 380 2650 imperii
382 2586 491 2656 finibus.
508 2589 604 2640 Juvare
615 2587 713 2657 aliquid
723 2587 788 2639 hane
821 2599 884 2632 vera
894 2595 932 2634 est
943 2583 1021 2635 lectio
1034 2581 1150 2635 dminus
1167 2585 1266 2646 minvs
1285 2586 1336 2636 erit

275 2663 416 2717 lectionem
434 2664 553 2717 videatur
570 2667 642 2718 locus
652 2667 686 2718 Η,
705 2683 787 2736 2‚97.
821 2661 1004 2732 intelligendus
1019 2681 1112 2730 praeses
1122 2664 1262 2732 provinciae
1273 2666 1336 2716 sim-

273 2743 312 2792 In
325 2741 353 2791 A
347 2743 424 2810 frico
436 2743 501 2811 legio
513 2743 677 2812 cohortesque
689 2743 790 2794 dileetio
822 2741 982 2809 pliciter‚.ut
994 2755 1140 2811 opponatur
1156 2742 1260 2794 domino
1274 2763 1334 2795 mo-

274 2839 295 2872 a
316 2823 405 2872 Clodio
419 2825 522 2883 Macro,
539 2835 600 2874 nint
617 2843 634 2874 o
648 2824 731 2877 Galba
745 2823 789 2874 di.
817 2817 887 2887 jvn',
903 2817 1008 2871 Caetarl·
1026 2819 1095 2870 ERN·
1117 2817 1157 2869 De
1176 2819 1268 2872 Macro
1290 2837 1335 2873 ⁰2·
1435 2857 1437 2880 i

277 2899 373 2950 mirsoe.
388 2899 469 2969 Quasi
488 2901 582 2952 novam
604 2901 731 2971 legionem
750 2903 790 2954 illi
822 2897 897 2965 piune
917 2899 993 2950 etiam
1012 2897 1083 2950 Brot.
1104 2899 1171 2952 Lalt.
1192 2899 1252 2968 Bip.
1274 2899 1336 2970 Ejus
1436 2925 1437 2934 ¹

276 2979 362 3028 veteri
376 2975 520 3046 adjunxerit
534 2978 639 3042 Macer,
659 2992 736 3050 atque
753 2980 789 3032 ita
822 2975 985 3045 tyrannidem
993 2991 1101 3029 testatur
1112 2977 1182 3030 Plut.
1193 2995 1251 3050 cap.
1261 2982 1288 3033 6.
1331 3009 1333 3013 ·

276 3052 328 3106 suh
339 3054 414 3106 initio
424 3053 516 3108 Galhae
526 3055 789 3108 fuerintdum.Vane:
866 3057 935 3108 Due
955 3059 1135 3110 Mauretaniae.
1153 3059 1293 3128 Tingitana
1309 3073 1336 3113 et
1439 3101 1440 3104 η

277 3135 339 3206 quia
357 3135 477 3188 cohortes
496 3134 630 3189 dumtaxat
646 3135 759 3189 delectas
775 3155 790 3188 a
823 3134 998 3189 Caesareensis.
1013 3137 1086 3190 Hanc
1106 3135 1260 3190 divisionem
1277 3139 1334 3191 Pli-

276 3215 371 3268 Maoro
383 3213 527 3287 intellegit,
543 3236 594 3269 non
611 3217 738 3287 legionem
748 3218 789 3286 ip·
822 3216 880 3268 nius
893 3230 1026 3286 acceptam
1040 3217 1091 3269 lert
1101 3215 1198 3269 Caesari
1209 3217 1333 3290 Caligula

183 3361 187 3371 ,
274 3313 342 3350 uam.
359 3297 443 3367 Igitur
457 3297 569 3360 inclino,
589 3311 618 3348 ut
636 3294 679 3348 hic
698 3297 789 3347 rescri-
822 3291 846 3344 5.
870 3312 905 3356 1.,
926 3295 1063 3361 Principio
1078 3297 1333 3366 terratum‚·inquit,

276 3376 476 3444 bam,Afriea,
493 3397 524 3430 oc
540 3377 605 3443 legio
622 3377 649 3428 in
664 3395 704 3428 ea.
720 3377 789 3427 Lars.
823 3374 995 3426 Mauretaniae
1015 3373 1178 3442 appellantur
1199 3389 1278 3445 usque
1300 3377 1337 3426 ed

274 3452 350 3513 libri
360 3473 449 3510 ornnes
458 3470 605 3510 constanter
618 3455 738 3528 legiones.
749 3459 791 3509 Ac
823 3455 851 3504 0.
868 3454 997 3507 Ooesorem
1014 3452 1163 3503 Germanici
1182 3455 1214 3506 F.
1235 3473 1336 3526 mgna:

276 3537 347 3589 forte
357 3538 470 3606 legiones
480 3534 523 3586 hic
537 3553 591 3606 pro,
599 3535 682 3603 copiis
698 3532 791 3588 dicun-
822 3534 921 3584 soevr'tio
940 3536 994 3602 ejus
1014 3533 1042 3580 in
1056 3530 1120 3580 diros
1135 3530 1337 3598 diviaepmvin.
1436 3524 1438 3564 l

274 3615 339 3675 ¹tur,
353 3631 455 3684 unaque
472 3613 572 3682 legione
586 3630 592 3660 ι
605 3621 636 3662 ut
652 3610 727 3664 liberi
743 3631 791 3683 pro
823 3615 886 3664 cias.
896 3612 1008 3672 Annio,
1018 3609 1103 3679 palam
1114 3608 1249 3675 adversus,
1259 3613 1336 3666 Clau·
1436 3628 1440 3686 Γ,

277 3709 331 3744 uno
341 3691 396 3743 filio
404 3704 447 3743 aut
455 3691 516 3754 filia,
522 3703 643 3757 parentes
653 3708 701 3761 pro
707 3703 789 3761 patre,
822 3688 867 3740 dio
875 3688 996 3739 attribuit
1007 3688 1055 3749 60,
1065 3703 1091 3755 9.
1102 3725 1108 3747 ,
1119 3691 1289 3756 Πραχθίντων
1304 3691 1335 3743 tt

277 3771 320 3821 uti
334 3788 411 3842 supra
426 3768 539 3822 vidimus
553 3767 719 3834 oiumphates
729 3787 790 3820 avos
822 3768 925 3826 seiros,
935 3765 945 3816 ὅ
957 3765 1075 3820 litaldo:
1085 3767 1145 3832 degi
1156 3766 1212 3822 ’τοὺς
1221 3771 1336 3836 Μιύρους

280 3847 373 3901 deuno
385 3851 430 3916 14,
445 3869 466 3901 1.
479 3849 550 3898 Libri
562 3851 640 3916 porro
648 3845 735 3916 plures
744 3847 791 3898 ha·
823 3842 880 3897 ‘totle
897 3843 1014 3898 ὑπηκόους
1030 3841 1129 3909 irrepit.
1144 3842 1166 3898 lc
1186 3864 1213 3896 or
1230 3849 1265 3896 sit
1282 3847 1338 3915 erpi
1437 3869 1438 3900 ὲ

277 3926 342 3980 bent
352 3929 382 3980 Α
375 3930 494 4000 stiram,
509 3929 582 3998 quasi
595 3925 627 3978 ad
637 3927 740 3998 regebat
750 3945 792 3978 re·
822 3927 928 3992 Τίγγιν,
943 3924 987 3976 uel
1003 3925 1024 3979 ie
1039 3927 1073 3975 τὰ
1094 3923 1153 3988 oripi
1167 3930 1336 3994 satrapam,

279 4009 408 4071 ferretur,
429 4021 458 4060 ut
485 4009 551 4078 Agr.
575 4004 666 4058 Guelf.
688 4005 728 4057 ed.
749 4023 789 4076 pr.
821 4000 877 4075 ’ἕρφ’
898 4001 970 4074 ὅνπερ
987 4005 1029 4056 uei
1045 4003 1277 4072 ὄνομάζονταιμιωὶ
1291 4009 1334 4059 lul·

280 4085 399 4160 Denique
408 4086 470 4142 libri
482 4083 677 4142 melioresFlor.
689 4081 791 4156 (tud.)
826 4089 947 4158 ἄρχουσιν
961 4087 1062 4139 ἱππεῦσι
1073 4085 1222 4156 opto-loeis.
1232 4086 1304 4141 Ltus.
