2896 5000
168 413 288 462 suta·
534 422 710 498 mann
734 425 763 497 1.
1128 427 1191 540 ³7¹

169 485 272 537 stt-7³.

118 549 184 648 qui
201 551 403 649 noluerant,
420 549 549 641 medie3
566 579 605 625 ac
621 538 765 654 plurimi
782 552 886 626 obvio
903 552 1088 654 obsequio;
1101 553 1175 654 pri·

118 681 216 740 tatas
235 693 312 768 spes
334 667 520 770 agitantes,
546 673 619 743 sine
640 670 779 770 publica
799 696 892 743 cura.
910 671 988 742 Nec
1009 669 1103 743 alind
1122 697 1176 745 se-

118 781 242 880 quenti
266 782 451 884 q'uatriduo
473 785 589 885 (quod
614 785 768 858 medium
789 784 879 859 inter
900 784 1122 883 adoptionem
1141 805 1176 860 et

118 895 250 968 caedem
263 897 353 996 fuit)
371 897 505 973 dictum
517 928 537 973 a
549 901 672 982 Pisone
683 901 717 971 in
737 898 878 998 publico
891 899 1074 973 factumve.
1089 901 1175 974 Cre-

116 1007 294 1084 brioribus
308 1012 343 1085 in
355 1013 428 1088 dies
439 1013 645 1118 germanica
659 1013 860 1087 delectionis
871 1013 1022 1104 nunriis,
1035 1029 1069 1088 et
1080 1012 1176 1086 sacili

116 1121 256 1198 civitate
279 1127 323 1199 ad
344 1127 540 1228 accipienda
562 1128 800 1229 credendaque
821 1127 938 1200 omnia
958 1119 1067 1226 novil,
1092 1155 1179 1202 cum·
1226 1200 1232 1216 ,
1285 1213 1290 1228 Ι

115 1235 349 1344 πὶεῑίαὲείιηῐ,
364 1263 566 1317 censuerant
577 1255 712 1344 patres,
733 1241 921 1314 mittendos
939 1242 983 1315 ad
1003 1241 1176 1345 germani-

115 1357 404 1444 cumexercitum
419 1357 560 1460 legatos.
576 1358 764 1461 Agitatum
776 1376 927 1455 secrete,
944 1383 1031 1428 num
1045 1349 1079 1430 et
1093 1356 1175 1430 Piso
1246 1348 1249 1360 Α

114 1469 407 1572 proficisceretur,
422 1474 553 1572 majore
566 1489 751 1572 praetextu3
765 1471 818 1544 illi
829 1470 1070 1544 auctoritatem
1081 1498 1175 1544 sena·

113 1599 193 1680 tus,
210 1583 268 1658 hic
281 1585 519 1690 dignationem
531 1589 675 1662 Caesaris
686 1589 829 1661 laturus.
844 1586 1005 1659 Placebat
1019 1604 1054 1660 et
1065 1573 1174 1658 Laco·
1253 1661 1256 1672 ,
1290 1655 1292 1662 ,

113 1722 215 1787 nem,
230 1702 382 1798 praetorii
394 1705 615 1803 prefectum,
629 1704 734 1777 simul
748 1702 855 1777 mitti.
868 1703 901 1774 ls
912 1700 1056 1774 consilio
1068 1695 1183 1773 inter·-¹

113 1812 226 1887 cessit.
246 1817 370 1918 Legati
388 1845 529 1920 quoque
544 1819 646 1915 (nam
667 1836 803 1891 senatus
821 1816 1024 1892 electionem
1043 1815 1176 1890 Galbae

114 1927 340 2027 permiserat)
355 1931 447 2005 foeda
459 1931 689 2010 inconstantia
704 1931 891 2028 nominati,
908 1929 1077 2028 excusati,
1090 1927 1172 2001 sub—

113 2038 245 2141 stituti,
257 2045 393 2120 ambitu
400 2045 604 2121 'remanendi
614 2065 675 2120 aut
685 2046 808 2145 eundi,
824 2066 863 2120 ut
874 2073 1049 2148 quemque
1057 2063 1177 2118 metus

111 2156 169 2230 vel
180 2183 258 2256 spes
272 2159 469 2260 impulerat.

143 2307 178 2348 3ι.
190 2305 244 2350 Sr'ne
249 2308 342 2362 publica
350 2323 415 2355 cura.
422 2307 500 2353 Malim
507 2309 557 2351 sine
564 2307 718 2361 publicorum.
727 2328 754 2340 -
762 2311 797 2352 32.
805 2307 1035 2352 Anur'ruremaeno
1043 2316 1084 2351 aut
1093 2307 1171 2351 eundi.

110 2375 169 2422 cod.
180 2381 235 2438 Agr.
247 2382 367 2430 resistendi.
379 2382 438 2427 forte
451 2381 571 2428 mniteudr'.
581 2379 632 2426 vid.
646 2379 739 2438 sehopp.
757 2386 856 2438 suspect.
871 2387 930 2426 Lset.
941 2385 967 2434 4,
989 2396 1025 2427 ιο.
1033 2382 1075 2424 m'tr'
1089 2387 1173 2425 contro

110 2451 170 2495 Ann.
182 2454 207 2504 ³,
221 2456 255 2497 31.
266 2455 329 2497 nullo
337 2456 462 2510 legatorum
469 2466 512 2510 pro
520 2451 595 2495 satta
604 2452 687 2496 nitente
701 2454 770 2505 ¹‚⁵⁵·

109 2564 207 2620 Tacito
217 2581 302 2623 tamen
314 2571 456 2634 toleranda,
468 2585 497 2624 ut
507 2573 571 2622 aliae.
586 2570 626 2622 Ea
690 2572 795 2639 Maiore
800 2581 939 2639 praetextu.
949 2570 1024 2642 Quid
1031 2569 1105 2634 illud,
1115 2587 1170 2622 ma-

108 2643 178 2697 bene
200 2651 339 2721 respondet
355 2650 569 2704 antecedentibus
575 2669 625 2701 vo-
651 2648 738 2720 jone?
748 2648 903 2720 Suspectum
918 2651 980 2728 milri
990 2650 1033 2704 hic
1047 2649 1169 2703 verbum.

108 2721 222 2790 Ιωιῑαιεῑ
233 2727 347 2796 effusius.
358 2729 412 2784 sed
421 2731 457 2781 ita
464 2748 511 2792 ac,
521 2741 552 2780 ut
562 2729 623 2798 opi·
657 2726 725 2778 ers.
736 2727 775 2779 At
785 2741 824 2779 est
837 2729 863 2778 in
874 2728 994 2781 omnihus
1004 2725 1086 2780 libris.
1098 2725 1168 2779 Sen-

108 2821 167 2866 nor‚
177 2803 316 2859 delendum
326 2809 410 2873 soret,
422 2822 448 2860 et
457 2806 625 2860 scribendum
656 2821 699 2855 sus
709 2822 763 2854 esse
774 2817 860 2874 potest
872 2824 879 2854 ε
892 2818 1046 2874 praetextus,
1057 2805 1103 2874 qui
1118 2804 1169 2856 ob-
1240 2845 1243 2852 .

108 2880 194 2932 medie
202 2885 311 2947 plurimi
314 2908 324 2948 ;
332 2901 376 2938 aut
383 2905 443 2938 enm
454 2887 520 2955 Agr.
531 2897 557 2934 nt
563 2885 623 2950 pln-
655 2879 810 2933 tendebatur
824 2898 838 2932 a
853 2881 1035 2945 suadentibus,
1045 2881 1128 2933 verbo
1139 2897 1169 2932 ac
1187 2909 1191 2926 ι

107 2961 171 3011 rimi
179 2999 187 3024 ,
203 2959 281 3032 idque
290 2976 320 3014 ut
330 2966 355 3015 in
367 2962 511 3034 parenthesi
521 2961 623 3036 dictum
655 2961 740 3032 specie
751 2960 840 3030 major,
850 2979 929 3032 quam
938 2980 979 3013 res
990 2979 1019 3012 ac
1035 2961 1076 3015 sis
1092 2973 1168 3013 essct.

107 3039 298 3111 accipiendum.
315 3041 394 3095 Certe
409 3057 548 3114 utrumqne
564 3062 621 3094 me·
655 3037 724 3090 Nam
741 3037 864 3090 dicebant
885 3058 891 3089 :
911 3051 942 3090 nt
963 3040 1041 3106 legati
1064 3051 1170 3090 senatus

105 3118 172 3183 iius,
186 3139 266 3192 quam
276 3121 510 3174 Freinshemianum
525 3122 620 3187 medii,
655 3117 838 3167 auctoritatem
860 3133 948 3167 secum
967 3114 1000 3167 ad
1024 3117 1168 3167 exercitum

106 3198 178 3270 quod
193 3202 327 3270 aptabant
341 3200 484 3262 desiderat,
499 3221 550 3256 non
563 3204 620 3271 agi-
652 3195 766 3256 ferrent,
780 3195 817 3245 sie
834 3194 908 3244 illum
919 3193 1028 3244 Cesaris
1037 3192 1169 3263 dignatio-

105 3290 200 3328 nzmes.
212 3277 291 3329 Prius
301 3281 391 3330 melius
401 3293 481 3349 puto,
493 3293 519 3331 et
529 3299 561 3331 ac
570 3297 619 3330 na·
651 3290 730 3335 nem,
749 3288 829 3340 eaque
848 3269 881 3321 de
901 3289 990 3322 caussa
1011 3271 1170 3340 legationem

106 3369 164 3408 tum
174 3376 188 3408 e
200 3357 267 3408 mala
282 3359 489 3428 interpunctione
500 3379 508 3410 :
521 3359 565 3411 sed
580 3361 620 3412 21.
652 3349 777 3418 majorem
788 3349 842 3398 vim
853 3346 885 3399 ad
899 3347 1056 3400 coercendos
1072 3348 1168 3398 milites

105 3446 192 3487 terum
209 3446 313 3487 secutus
329 3454 385 3488 sum
402 3419 518 3506 propter.
526 3435 616 3489 libros.
650 3425 807 3477 hssbllufflm·
830 3423 883 3476 sed
904 3427 993 3496 P⁰li¹¹⁵
1012 3436 1170 3490 Prael‘ffl‘m

105 3514 231 3566 Ceterum
241 3515 266 3566 in
277 3515 398 3568 omnihus
408 3514 617 3568 membriflintel.
649 3505 682 3557 (le
694 3506 779 3574 specle
796 3505 849 3566 rel,
865 3504 1017 3573 splendore,
1035 3503 1166 3572 (ligitime

104 3591 239 3662 ligandum
250 3592 398 3660 sinebant,
419 3591 490 3664 quod
507 3594 570 3645 latet
589 3596 615 3645 in
651 3584 805 3655 capiendum
819 3596 940 3652 puto,ut
953 3597 979 3634 et
994 3584 1057 3633 alibi
1069 3581 1168 3632 dicitur

104 3669 194 3722 verbis
204 3668 420 3739 praecedentibus,
431 3685 533 3734 pamm
531 3671 620 3740 βψω·
648 3663 718 3733 apud
736 3675 864 3713 nostrum.
880 3681 907 3714 v.
925 3683 950 3714 c.
964 3680 988 3712 c.
1002 3661 1040 3728 '76
1055 3673 1082 3712 et
1091 3660 1166 3714 alios.

105 3745 208 3799 aderat.
223 3746 289 3797 Mox
306 3748 334 3798 in
349 3748 450 3816 publico
467 3747 558 3802 Guels.
570 3750 616 3818 (et
648 3741 710 3794 vid.
729 3740 850 3818 (ὶτοῐιον.Ι
867 3741 899 3792 ad
919 3741 1010 3794 Sensc.
1029 3742 1105 3811 epist.
1123 3759 1171 3808 71·

105 3823 190 3892 Bud.)
205 3837 235 3874 nt
246 3824 316 3875 Flos.
326 3822 414 3876 Ceteri
425 3825 467 3894 (in
477 3823 517 3878 his
531 3827 615 3898 Agr.)
649 3821 748 3874 Sensus
759 3823 903 3892 igiturest:
915 3834 944 3872 ut
958 3820 1039 3890 major
1053 3822 1166 3890 legatio·

104 3903 131 3952 in
144 3905 282 3970 publicum.
294 3906 327 3954 In
335 3905 438 3972 publico
453 3907 551 3975 recepit
568 3907 615 3958 Pi·
651 3901 691 3952 nis
699 3899 815 3970 dignitas
825 3912 900 3950 esset.
910 3899 944 3952 Et
956 3899 1003 3950 luit
1016 3899 1167 3951 illadelibe-

106 3979 194 4033 ahena
208 3981 277 4034 Eun.
294 3979 409 4034 Priscam
421 3981 615 4036 distinctionem
651 3979 727 4030 ratio¹
741 3975 834 4030 Galbae
854 3989 969 4038 secreta,
990 3995 1041 4028 nott
1064 3989 1167 4029 senato-

107 4077 164 4110 cnm
175 4059 235 4129 Bip,
247 4062 363 4129 reposui,
375 4063 501 4131 aptiorem
509 4064 615 4134 quippe.
653 4077 727 4121 rum,
739 4070 765 4108 et
776 4059 843 4108 inter
853 4060 957 4109 amicos.
970 4057 1032 4110 Enu

108 4139 614 4210 .-*D.datamattemaot,acpurimt
685 4139 790 4203 Aulius
806 4139 957 4196 remanendi
972 4151 1015 4193 aut
1029 4137 1114 4192 eundi.
1130 4138 1165 4193 Η.
