2896 5000
132 400 253 446 enee·
503 401 675 479 trena
699 405 728 480 1.
1093 415 1138 504 41

133 470 240 521 aeq..

82 533 272 626 adulteria,
288 531 527 632 matrimonia,
544 555 740 638 ceterasque
758 562 944 640 regnomm
957 537 1139 640 libidines,

83 650 190 724 avido
203 648 348 746 talium,
365 647 393 720 si
404 649 561 740 auderet,
573 671 612 724 ut
623 677 683 725 sua
697 669 923 741 ostentantes;
936 654 1143 754 quiescenti,

83 784 125 838 ut
138 764 271 862 aliena,
288 763 563 863 exprobrabant:
577 766 783 868 urgentibus
796 766 900 841 etiam
917 767 1143 842 mathemati-

83 879 154 976 cis,
172 879 259 952 dum
279 908 295 947 u
306 903 411 953 novos
426 895 541 954 motus
563 895 598 953 et
614 882 747 954 clarum
759 881 891 960 Othoni
912 909 1064 984 annum,
1079 885 1143 956 ob-

82 994 278 1068 servatione
293 993 464 1084 siderum,
475 1027 492 1064 u
515 996 699 1070 adfirmant
717 1023 726 1070 τ
744 1023 852 1100 genus
872 995 1057 1070 hominum
1078 1025 1142 1098 po-

83 1109 239 1184 tentibus
257 1108 425 1206 infidum,
449 1109 664 1208 sperantibus
687 1111 808 1192 fallax.
833 1112 927 1212 quod
949 1111 986 1184 in
1005 1111 1145 1186 civitate

83 1244 204 1298 nostra
215 1244 250 1299 et
259 1223 431 1299 vetabitur
444 1249 589 1323 semper,
603 1241 637 1298 et
649 1225 866 1300 retinebitur.
875 1228 1009 1300 Multos
1018 1247 1147 1300 secreta

82 1342 246 1440 Poppaeae
270 1339 552 1436 mathematicos,
580 1339 769 1439 pessimum
793 1341 994 1442 principalis
1019 1344 1145 1416 matri-

81 1454 196 1528 monii
210 1454 497 1544 instrumentum,
509 1454 704 1530 habuerant
719 1481 728 1528 t
741 1457 901 1558 equibus
915 1457 1142 1556 Ptolemaeus,

82 1569 221 1646 Othoni
239 1569 276 1642 in
297 1568 471 1670 Hispania
494 1596 627 1669 comes,
653 1597 735 1644 cum
758 1573 1049 1672 «superfuturum
1062 1597 1144 1645 eum

80 1683 245 1759 Neroni»
272 1683 502 1784 promisisset,
527 1697 713 1785 postquam
728 1711 768 1760 ex
784 1705 910 1760 eventu
932 1685 1037 1782 fides,
1058 1713 1142 1758 con-

81 1794 218 1896 jectura
230 1799 301 1897 jam
312 1818 346 1872 et
358 1825 497 1871 rumore
509 1797 645 1872 senium
660 1800 787 1873 Galbae
798 1820 833 1874 et
844 1803 1020 1901 juventam
1033 1799 1142 1876 Otho-

81 1911 140 1984 nis
155 1913 453 2012 computantium,
465 1933 697 2012 persuaserat,
718 1945 734 1980 u
748 1916 840 2014 fore,
853 1935 893 1989 ut
906 1916 942 1988 in
956 1913 1145 2016 imperium

84 2027 369 2102 adscisceretur.»
397 2029 464 2102 Sed
484 2027 579 2104 Otho
601 2044 768 2129 tanquam
799 2030 922 2131 peritia
948 2045 983 2105 ct
1006 2029 1144 2102 monitu

82 2141 238 2215 satorum
258 2143 423 2243 praedicta
440 2142 648 2242 accipiebat,
672 2145 835 2245 cupidine
852 2144 985 2248 ingenii
1000 2143 1145 2217 humaui

118 2338 157 2383 35.
167 2337 216 2381 Sed
225 2339 285 2384 orto
295 2349 405 2398 tauquam
413 2339 506 2393 peritia.
517 2343 587 2395 Lege,
598 2346 708 2395 tanquam
717 2339 801 2390 peritia
814 2341 881 2385 artis.
896 2343 953 2384 Aen.
964 2341 991 2393 6,
1004 2355 1038 2384 eo.
1051 2341 1102 2385 loco
1113 2340 1145 2384 si-

89 2408 142 2454 miti
152 2423 160 2453 a
171 2423 249 2456 seram
258 2425 288 2456 ac
299 2413 388 2456 brevem
393 2412 519 2466 potentiam
527 2409 661 2466 significatu
672 2411 768 2452 scientia
781 2410 942 2456 Claldoenmm
952 2415 1018 2459 anis.
1027 2413 1084 2457 thid.
1097 2429 1146 2466 ιη,

87 2482 193 2527 Pmibat
204 2497 273 2536 eum,
292 2487 357 2538 cujus
372 2493 445 2528 anem
463 2483 565 2526 liberius
581 2481 680 2536 aperiri
695 2483 826 2538 statuissem
844 2493 866 2527 et
884 2500 932 2536 n..
949 2484 1147 2542 eormrpistdene

86 2557 163 2604 attis,
177 2558 244 2610 euius
254 2559 321 2602 clam
330 2557 498 2602 decantentur
509 2554 603 2609 antiqm
616 2561 674 2595 atas
684 2559 708 2596 et
716 2562 793 2597 nostra
805 2556 891 2601 tulerit.
906 2555 962 2600 edd.
975 2559 999 2610 4,
1011 2560 1046 2606 58.
1059 2558 1098 2609 id,
1113 2559 1145 2610 ¹4·

87 2629 117 2672 fl.
129 2642 154 2682 a,
166 2631 188 2674 ³.

123 2763 287 2828 Adcurate,
315 2763 489 2818 murimonte.
516 2759 598 2832 Apud
632 2759 731 2812 telrirm.
755 2761 848 2816 Paullo
871 2777 931 2816 unte
955 2765 1033 2816 etiarn
1057 2764 1144 2816 malim

82 2839 240 2898 Suetonium
247 2848 306 2918 lego
314 2847 382 2898 inter
388 2845 445 2907 illa,
454 2860 512 2916 (pre
520 2843 599 2894 maxi-
630 2840 788 2909 conjunctim
798 2844 866 2912 legi,
884 2843 1003 2894 adultere
1013 2846 1146 2896 matrimo-

83 2923 315 2992 meimprobautur
323 2925 351 2976 in
358 2921 461 2974 Nerone
468 2925 507 2975 28.
517 2923 600 2988 Super·
632 2921 686 2972 uie.
706 2922 775 2972 ers.
794 2922 829 2974 Et
846 2924 882 2974 sic
898 2935 953 2974 crat
968 2924 995 2974 in
1006 2921 1065 2975 MS.
1077 2922 1144 2976 Bud.

83 3000 249 3071 &genuorum
262 3001 416 3072 pedagogia
427 3013 450 3050 et
463 3011 598 3065 nuptarum
631 2997 701 3048 Etru.
712 2996 763 3049 Sed
774 2999 847 3069 vulg.
858 3001 954 3052 rectius
964 3021 972 3066 3
982 3017 1041 3050 nam
1051 3015 1077 3052 et
1090 3019 1145 3052 ma-

83 3080 267 3130 concubinetus
279 3079 376 3150 virgini
388 3078 481 3130 vestali
490 3077 599 3130 Rubrioe
632 3074 753 3126 trimonia
762 3093 810 3146 pro
821 3073 928 3126 libidine
936 3077 1054 3130 mutabat
1062 3077 1144 3141 Nero,

83 3161 139 3210 vim
157 3159 252 3211 intulit.
268 3159 336 3212 Hinc
348 3159 459 3229 colligo,
477 3157 599 3210 Tacitum
631 3167 729 3206 utente
740 3153 876 3206 Claudius.
889 3153 1011 3208 lindensis
1021 3155 1064 3208 hic
1075 3159 1145 3210 veria

84 3237 219 3307 scripsisse
230 3255 237 3287 ι
248 3239 334 3289 aulam
348 3239 461 3288 Nemnis
471 3249 497 3288 et
506 3235 598 3299 haue,
629 3233 731 3304 ‘peccat
744 3233 831 3306 Supra
841 3234 996 3288 audiendum
1007 3235 1085 3289 habet
1095 3255 1144 3307 pro

85 3313 233 3376 adulterio,
257 3315 426 3386 paedagogia,
451 3327 599 3383 ceteraeque
631 3313 889 3376 eredendum,manet
897 3335 946 3384 pro
957 3328 1071 3378 maneat,
1083 3335 1145 3368 mox

84 3405 222 3463 regitanam
238 3391 364 3442 libidines.
377 3389 470 3444 Geor.
485 3390 599 3442 Nimiae
632 3393 768 3442 utebatur·
789 3410 838 3461 pro
859 3393 996 3455 vetabitur,
1018 3393 1145 3457 principis

86 3467 600 3538 scripturarecedithaeccorrecuo.Bene
631 3489 680 3540 pro
691 3470 852 3537 principalis.

86 3547 154 3600 tilius
169 3547 287 3600 defendit
300 3549 448 3619 vulgatum,
464 3560 489 3598 et
506 3564 599 3614 eump-
665 3551 697 3600 oi
707 3549 821 3600 auderet.
829 3549 863 3601 V.
873 3549 908 3602 D.
919 3549 952 3601 de
962 3549 1083 3602 Lamalle.

87 3636 141 3678 tum
159 3625 226 3678 dicit
244 3645 259 3677 e
276 3627 399 3678 memorie
416 3624 535 3694 Poppaere
551 3641 558 3673 ε
573 3624 599 3673 in
665 3627 787 3691 Equites
796 3629 960 3678 Ptolemaeus.
969 3625 1143 3696 Suetoncd.

88 3707 262 3776 qtmprimum
269 3705 437 3765 adulterium,
448 3703 540 3756 deinde
548 3720 600 3754 ma·
631 3705 762 3757 Seleucum
780 3719 867 3757 vocat.
885 3704 981 3758 Ubi'v.
994 3707 1056 3759 intt.
1068 3707 1145 3778 Ejus-

88 3787 248 3838 trimoniurn.
259 3782 487 3854 llyckius'conjicit
498 3782 599 3835 adulte-
631 3783 691 3835 dem
702 3781 814 3834 hortinis
826 3784 930 3834 nomina
940 3801 994 3835 esse
1004 3802 1087 3857 nuper
1097 3785 1145 3839 tle-

89 3863 315 3915 clamationum.
321 3862 392 3916 Euu.
397 3860 462 3914 llud.
469 3861 597 3914 adultera.
632 3859 716 3913 feudit
726 3858 847 3914 Oudend.
858 3859 928 3911 Etru.

130 3946 283 4011 memque
310 3959 445 4010 regnorum
472 3941 598 3994 libidines.
667 3941 875 4008 competentium.
894 3939 981 3994 Possis
995 3959 1009 3992 e
1022 3942 1098 3996 Livio
1113 3963 1143 4008 r,
1195 3988 1196 3992 ,

91 4017 209 4074 Glossam
228 4021 334 4092 prefert
349 4040 355 4072 ι
369 4039 398 4074 ac
416 4022 524 4074 sortasse
541 4041 600 4093 ger·
633 4023 657 4076 5.
669 4022 797 4092 conjicere
807 4022 1018 4088 comparentium.
1029 4021 1082 4078 sed
1092 4043 1144 4079 non

92 4100 199 4167 manius,
218 4110 353 4168 ceraeque
369 4115 506 4170 regrromm
523 4101 600 4156 avido
632 4115 671 4156 eet
681 4097 872 4155 necessetas.
