2896 5000
599 403 1024 482 HISTORIARUM

328 537 519 620 largitiones,
536 536 680 598 oscitante
689 537 728 598 nd
742 536 774 596 id
786 535 936 620 praelecto.
947 569 990 586 -··
999 537 1108 615 XXV,
1118 537 1242 602 XXVI.
1257 539 1337 623 Ergo

329 637 394 718 jam
408 636 540 718 legiones
555 647 583 696 et
597 632 713 696 auxilia
725 653 781 718 pro
795 633 928 698 (libone.
940 633 1130 696 -xxvtt
1143 636 1219 698 Mox
1232 659 1337 700 consa-

327 735 443 796 lutatus
457 734 673 818 imperator'-
684 729 840 796 XXVIII.
852 733 955 794 castris
965 733 1153 816 praetorianis
1166 735 1303 799 insertur.

367 831 500 908 XXIX,
520 830 626 890 XXX.
641 829 709 890 Piso
724 829 898 906 cohortem,
916 850 986 912 quae
1000 831 1033 891 in
1047 831 1164 913 palatio
1179 835 1337 895 stationem

327 933 403 1013 agit,
418 930 559 990 hortatur
572 927 611 988 ad
625 925 727 990 iidem.
740 959 782 978 ·-·
795 927 917 990 XXXI.
932 929 989 990 Illa
1000 944 1087 1012 pacet
1101 931 1201 1012 signa,
1214 931 1339 1014 reliquis

327 1029 424 1111 copiis
446 1023 662 1088 deficientibus.
675 1057 718 1074 -
731 1023 883 1102 XXXII,
906 1023 1060 1086 XXXIII.
1084 1026 1181 1088 Plebis
1202 1029 1339 1090 adulatio

326 1141 357 1188 et
378 1125 494 1184 levitas.
516 1123 663 1186 Fluctnot
682 1123 782 1184 Galba
802 1143 873 1184 cum
892 1123 1013 1201 amicis,
1032 1145 1070 1184 sn
1092 1125 1339 1188 occurrendum?

328 1257 372 1272 -
386 1223 543 1284 XXXIV.
566 1221 760 1284 Praemittitus·
784 1223 934 1284 incastos
955 1221 1033 1284 Piso.
1055 1221 1164 1284 Falsus
1182 1221 1222 1284 de
1242 1226 1339 1285 occiso

326 1321 450 1382 Othone
471 1339 636 1378 rumon-
649 1317 790 1380 XXXV.
812 1317 949 1400 Populus
972 1333 1002 1378 et
1023 1333 1144 1380 senatus
1164 1319 1339 1396 Galban—

324 1416 483 1478 XXXVI.
492 1413 1053 1494 castraOtbonisavcnt.-XXXVII
1062 1461 1071 1494 ,
1081 1417 1269 1479 XXXVIII.
1279 1419 1340 1478 IIic

324 1513 460 1575 militum
475 1515 591 1574 animos
606 1513 743 1572 oratione
757 1513 814 1572 sibi
826 1511 966 1574 conciliat
974 1539 983 1590 3
1000 1513 1103 1574 Galbae
1115 1530 1145 1576 et
1155 1516 1256 1576 Pisoni
1270 1515 1339 1578 red-

325 1611 371 1674 dit
392 1610 534 1672 infensos.
549 1611 643 1672 Arma
658 1609 749 1670 militi
765 1608 885 1671 dividit.
899 1643 941 1658 -
959 1610 1117 1674 XXXIX.
1140 1613 1244 1695 Agitat
1258 1613 1341 1674 Laco

325 1710 364 1772 de
380 1707 460 1772 oaede
475 1709 572 1768 Vinii.
586 1737 629 1756 -
641 1708 711 1768 XL.
732 1707 830 1768 Galba
850 1707 988 1772 fluctuat.
1009 1709 1097 1771 Plebs
1118 1723 1214 1772 nutat.
1237 1709 1339 1771 Otho·

323 1808 408 1868 niani
433 1804 535 1865 lorum
560 1805 893 1885 irrumpunt.-XLI.
913 1805 1012 1868 Galba
1036 1807 1185 1881 desertus,
1204 1807 1344 1886 occisus,

324 1936 367 1952 -
379 1903 482 1964 XLII.
505 1901 547 1966 sic
569 1915 599 1964 et
617 1901 742 1962 Vinius.
757 1934 798 1949 -
811 1903 930 1974 XLIII,
949 1903 1124 1986 Sempronii
1140 1906 1232 1964 Densi
1254 1903 1343 1968 fides.

325 2001 395 2064 Piso
408 1997 698 2078 caesus,-·XLIV.
712 2019 822 2080 magna
837 2000 969 2064 Othonis
983 2001 1098 2064 latitia.
1112 1999 1251 2064 eutium
1264 2022 1342 2084 prse-¹

212 2121 226 2148 2
325 2099 388 2160 mia
401 2109 557 2182 poscentes
572 2094 659 2176 iussn
671 2092 794 2158 Vitellii
810 2112 913 2180 postea
925 2096 1244 2162 interlecti-XLV.
1257 2099 1343 2170 Adu-

325 2193 430 2258 lantur
444 2207 563 2256 senatus
577 2206 607 2252 et
622 2191 757 2276 populus
771 2193 918 2260 victorem
928 2194 1084 2258 Othonem
1091 2198 1164 2276 ,qui
1175 2197 1343 2260 coercendo

326 2293 462 2356 militum
483 2289 607 2354 lusori
599 2311 708 2376 impar
700 2289 894 2354 -XLVL
912 2293 954 2354 Hi
973 2294 1145 2356 vacationes
1159 2295 1216 2358 sibi
1228 2295 1344 2356 remitti

324 2404 442 2476 petunt.
449 2388 541 2484 Laco
555 2387 702 2474 esiodus
711 2407 800 2464 canu
807 2417 852 2468 ··-,
869 2388 1003 2468 XLVII.
1019 2390 1137 2452 Pisonis
1152 2391 1236 2454 ctT.
1252 2391 1343 2452 Vinii

325 2455 731 2574 sepultuld,'·i-XLVIII·.’·
729 2475 851 2566 isl'ogui
839 2480 1051 2560 „tistamenta
1058 2486 1223 2552 -xstn
1239 2488 1344 2552 Galbae

325 2582 502 2670 sepultura,
516 2591 606 2659 aim
595 2580 914 2686 ‘nubilitaoffloren
927 2584 1067 2646 bonores.
1248 2601 1250 2616 ·

368 2684 405 2746 L.
429 2659 605 2762 Trepidarin
617 2659 741 2748 nabadi.
746 2697 845 2744 novus
864 2679 902 2744 de
916 2681 1048 2746 Vitellio
1067 2683 1193 2746 nuntius
1207 2697 1346 2748 exterra.

327 2772 582 2865 Vespasianagn·
559 2776 716 2872 0nonnulli
705 2786 935 2870 :dagunantun
952 2811 994 2828 ·-
1007 2782 1061 2842 LI.
1080 2782 1171 2842 Initia
1184 2780 1347 2844 Vitelliani

327 2890 431 2938 motus
445 2893 482 2934 ex
496 2846 670 2933 billd‘lnlli
674 2847 844 2950 Vintimis}
856 2888 886 2936 et
900 2877 1008 2939 secutis
1020 2875 1091 2938 iude
1101 2875 1278 2940 ὤιιοιάϋι
1269 2893 1348 2939 snter

326 2972 462 3054 legiones
474 2985 504 3030 et
515 2968 632 3032 Gallos
645 2970 771 3046 -LII,
787 2971 871 3032 LIII.
885 2973 1052 3052 Vitellius,
1064 2994 1120 3034 ouo
1129 2995 1251 3055 ingemo
1260 2995 1347 3058 tgna

319 3091 406 3162 tuus,
427 3065 466 3130 ad
487 3089 534 3129 res
551 3089 647 3131 novas
663 3069 869 3132 simulatura
883 3069 1017 3134 Valente
1040 3085 1071 3132 et
1090 3071 1210 3136 Caecina
1230 3073 1348 3154 legatis.
1439 3151 1440 3156 η

218 3248 220 3252 ¹
329 3170 468 3247 -LIV,
479 3169 550 3232 LV.
560 3170 708 3250 Legiones
718 3172 878 3254 utrIusque
890 3169 1349 3240 GemaniaefldemiuGalbam

329 3283 466 3344 exuunt,
482 3298 525 3315 -
538 3266 624 3328 LVI.
640 3268 722 3350 segni
735 3283 902 3352 spectatore
917 3267 1093 3334 Ilonleonio
1106 3271 1222 3334 Flacco
1235 3271 1347 3354 legato.

331 3396 372 3411 —
383 3364 486 3426 LVII.
497 3361 615 3428 Valens
627 3363 794 3426 Vitellium
807 3365 1021 3448 imperatorem
1031 3369 1220 3450 conaslntat,
1236 3391 1349 3453 msgno

331 3460 466 3523 militum
481 3460 582 3522 studio
591 3487 601 3538 i
611 3493 653 3509 -
663 3461 780 3522 LVIII.
794 3463 905 3544 quibus
916 3467 1108 3549 poscentibus
1118 3467 1207 3528 multi
1221 3468 1349 3530 onai.-

330 3559 420 3622 LIX.
435 3558 537 3622 Julius
551 3559 661 3620 Civilis
676 3558 847 3644 periculum
863 3561 976 3628 evadit.
989 3563 1134 3644 Undique
1147 3567 1262 3630 sitibus
1276 3585 1349 3628 auc·

333 3670 399 3734 sus,
415 3687 458 3702 -
467 3656 535 3718 LX.
549 3657 628 3717 inter
642 3655 737 3718 suedas
752 3655 923 3741 legatorum
936 3659 1117 3741 discordias,
1127 3695 1170 3712 -
1178 3664 1260 3728 LXI.
1270 3664 1349 3727 duos

333 3755 480 3814 exercitus
492 3753 525 3813 in
539 3753 663 3814 Italiam
675 3755 777 3814 mittit.
785 3785 827 3802 -
839 3753 940 3814 LXII.
952 3754 1068 3840 Torpet
1079 3759 1243 3838 Vitellius,
1259 3761 1350 3824 ardor
1439 3767 1440 3772 ’

309 3927 313 3934 ¹
333 3865 364 3912 et
377 3852 424 3914 vis
438 3852 571 3912 militum
585 3851 667 3912 ultro
690 3849 777 3912 dncIs
799 3851 905 3926 munia
925 3853 1043 3936 implet.
1054 3889 1096 3906 ··-
1106 3858 1226 3922 LXIII.
1239 3859 1349 3920 Subito

333 3949 437 4012 sunone
451 3965 608 4030 correptus
631 3949 718 4010 miles
737 3951 774 4010 ab
794 3950 914 4012 excidio
931 3955 1084 4018 Divoduri
1098 3977 1174 4040 agne
1190 3970 1348 4042 temperat.

312 4047 453 4116 ¹Gallias
480 4061 577 4112 tuscos
603 4044 729 4112 invadit.
755 4078 796 4096 -
817 4048 935 4114 LXIV.
961 4051 1094 4118 Vitellio
1121 4055 1283 4122 adserens.
1307 4085 1348 4105 ·-
