2896 5000
319 383 365 459 ιθ
633 381 1056 464 nrsronrason
1195 385 1313 432 ensu-

1193 455 1219 493 Δ.
1227 453 1252 496 C·
1291 483 1297 497 .

311 512 451 590 rierant.
466 511 636 588 introitus
649 515 686 588 in
700 511 824 590 urbem
834 573 844 616 ,
854 517 1034 593 trucidatis
1046 532 1100 594 tot
1112 455 1369 596 millibuiiner-

312 626 426 700 mium
437 627 612 726 militum,
628 627 796 703 infaustus
810 631 945 730 omine,
958 652 1062 734 atque
1075 635 1158 734 ipsis
1166 635 1293 736 ctiam,
1307 637 1368 738 qui

312 739 526 831 occiderant,
547 741 803 818 formidolosus.
822 745 969 819 Inducta
985 747 1122 850 legione
1138 748 1299 851 hispana,
1311 779 1367 826 re-

312 873 547 954 manentem,
567 883 674 957 quam
698 858 839 931 celasse
859 862 956 934 Nero
979 864 1246 965 conscripserat,
1266 867 1368 966 plena

310 968 395 1041 urbs
409 969 558 1044 exercitu
572 971 713 1045 insolito
727 997 745 1074 ε.
751 971 855 1046 multi
868 972 979 1048 adhoc
990 977 1126 1053 numeri
1140 1007 1160 1054 e
1175 980 1367 1055 Germania

340 1178 363 1220 9.
378 1163 446 1210 Mula
457 1165 532 1212 adhoc
542 1169 639 1215 aurun.
651 1165 756 1213 Numero
766 1165 816 1214 eod.
826 1170 878 1228 lgr.

309 1319 443 1374 ltaliam.
454 1316 544 1374 Geor.
553 1320 600 1374 Nil
608 1319 820 1378 mutandumssi.
854 1319 1370 1383 nibusznondnmdinfinuainnumem

309 1401 729 1470 e.7s.itema,1n,19,33,36.
853 1413 935 1452 erant.
947 1402 1074 1476 Ulpianus
1087 1409 1148 1462 l.·r.
1158 1409 1193 1460 Ι).
1209 1408 1242 1462 de
1255 1407 1310 1473 his,
1322 1413 1368 1482 qni

355 1479 489 1548 Tanquam
512 1478 657 1530 innocentes
679 1475 819 1546 perierant.
853 1493 976 1535 notentur
1001 1487 1119 1552 infamia,
1145 1491 1297 1541 Exercitum
1315 1509 1368 1543 non

308 1554 383 1610 Nihil
397 1558 489 1610 melius
498 1558 606 1628 vulgato
618 1576 624 1608 ι
635 1569 662 1610 et
669 1575 741 1608 mens
752 1555 819 1626 ejnm
852 1576 928 1610 unam
939 1562 1068 1616 cohortem
1078 1583 1160 1636 neque
1170 1567 1369 1632 alamdicimur,

307 1635 453 1702 haudscio,
463 1655 496 1688 en
506 1636 570 1689 nihil
580 1637 728 1708 peccariut3
740 1649 819 1700 certe,
852 1635 900 1688 sed
918 1656 1034 1692 numerus
1052 1645 1144 1694 multos
1161 1646 1275 1698 miluum.
1294 1643 1369 1697 Idem

307 1728 339 1769 ut
348 1717 446 1780 solent,
455 1717 500 1788 qui
513 1715 578 1768 nihil
589 1727 742 1786 peccarunt,
755 1728 821 1784 aty-
852 1711 870 1764 l.
884 1731 929 1766 un.
941 1715 976 1768 D.
986 1715 1019 1768 de
1031 1717 1100 1771 bon:
1109 1712 1221 1804 possyx
1237 1735 1297 1774 test.
1312 1724 1368 1778 mil.

306 1797 394 1848 reunia
405 1795 505 1859 occidi,
516 1813 607 1866 nempe
619 1793 729 1847 inauditi
745 1807 770 1846 ct
780 1796 821 1846 in·
852 1790 931 1860 siquis
941 1795 1050 1848 militum
1061 1817 1093 1849 ee
1103 1800 1156 1852 alio
1165 1818 1269 1854 numere
1278 1815 1369 1854 mns-

306 1873 415 1927 deicnsi.
426 1871 519 1928 Gaon.
529 1872 636 1927 Scilicet
644 1873 763 1926 Muretus
773 1892 822 1926 vc·
853 1869 1095 1928 [rossemanum.
1105 1873 1178 1929 Suet.
1188 1877 1296 1949 Vespas.
1306 1897 1329 1930 c.
1339 1880 1368 1931 6.

306 1949 378 2004 lebat
397 1964 519 2022 tanquam
538 1963 666 2002 nocentes.
686 1949 821 2002 Acidaliae
852 1959 879 1999 et
896 1961 955 2000 tunc
973 1951 1075 2020 quidem
1090 1973 1236 2026 compressa
1254 1975 1296 2008 res
1312 1970 1366 2022 est,

307 2031 624 2100 quamquaminnocentes.
642 2029 712 2100 Ergo
723 2031 820 2082 alteru-
852 2029 975 2080 revocatis
992 2030 1030 2082 ad
1041 2029 1156 2102 officium
1175 2035 1303 2100 numeris,
1314 2053 1367 2102 pa-

306 2122 378 2162 trum
397 2108 515 2178 probem.
536 2109 605 2162 Nam
624 2111 691 2162 ratio
710 2107 819 2162 Grono·
852 2126 964 2173 rumper.
976 2109 1134 2166 Claudianus
1144 2116 1170 2166 in
1180 2114 1296 2186 Epithal.
1306 2115 1369 2168 Pal·
1395 2136 1398 2142 ·

307 2192 383 2242 vim
398 2203 437 2243 egl,
452 2191 528 2244 nimi!
543 2203 642 2261 arguta,
658 2187 711 2242 Sed
729 2209 819 2258 quam·
851 2183 903 2236 iad·
916 2186 957 2238 86.
969 2189 1116 2255 Regnorum
1127 2204 1368 2256 iraelainssmel'os,

305 2268 819 2342 quanapraetulerim.llludtanquamjam
851 2279 993 2332 cuneosque
1002 2280 1124 2320 recenset.
1133 2267 1367 2322 Neccohnrtesso-

306 2348 501 2400 eminutEstn.
514 2351 648 2417 Tanquam
658 2345 723 2399 hene
734 2366 761 2399 se
771 2347 818 2400 ha·
850 2342 906 2394 111111
925 2344 953 2394 in
972 2343 1022 2396 ¹100
1042 2365 1150 2412 nomen,
1168 2347 1365 2421 111111111111111111

305 2424 361 2480 bet.
375 2422 418 2476 cl.
427 2423 496 2477 Plin.
510 2443 552 2496 ep.
590 2462 598 2488 ,
616 2442 656 2478 ss.
672 2423 704 2498 de
714 2422 817 2477 Corne-
850 2437 944 2471 venere
955 2421 1102 2493 etiamipsae
1113 2425 1234 2496 legiones.
1243 2425 1367 2478 Accredo

305 2505 341 2558 tia
353 2505 453 2576 virgine
465 2505 566 2557 vestali.
849 2496 899 2550 hoc
919 2497 1064 2555 sozomeno
1084 2503 1208 2558 scribenti
1232 2523 1261 2569 s,
1278 2509 1305 2560 8.
1325 2507 1366 2558 'ria

340 2589 389 2637 lbt
401 2584 519 2636 millibus.
536 2582 664 2636 Classicus
676 2584 815 2656 intelligit,
849 2581 974 2644 'Pausias
990 2583 1133 2649 τάγματα,
1150 2586 1167 2634 ἃ
1184 2585 1220 2636 νῦν
1238 2586 1365 2653 &prensis

305 2664 338 2718 de
352 2664 481 2737 quibust,
495 2666 535 2732 37,
849 2659 975 2712 καλοῦσιν.
994 2661 1036 2712 ΑΟ
1054 2661 1234 2732 Capitolinum
1245 2666 1282 2716 ita
1293 2667 1366 2718 acci·

339 2745 420 2814 Quam
429 2760 443 2792 e
453 2743 536 2794 classe
545 2743 626 2793 Nero.
636 2740 653 2791 J
655 2758 695 2792 ant
705 2742 768 2794 olim
778 2743 816 2794 le·
849 2739 894 2806 pio
904 2740 930 2790 in
940 2738 1059 2801 Macrino
1070 2760 1095 2794 c.
1107 2741 1133 2794 5.
1148 2742 1332 2797 'I'r'muitaurem
1340 2755 1367 2795 et

304 2823 394 2892 gioucs
410 2821 541 2883 classicae,
558 2821 580 2872 si
595 2822 680 2873 nuruis
696 2820 759 2874 fides
767 2861 774 2886 ,
790 2824 816 2874 in
849 2816 989 2884 collegam,
1003 2833 1034 2866 ne
1045 2819 1098 2882 ipse
1110 2819 1237 2883 imperare
1248 2834 1365 2888 cuperet,

304 2901 400 2974 quibus
409 2899 487 2955 video
499 2919 506 2950 :
517 2915 579 2951 aar.
590 2912 655 2952 svo.
664 2917 706 2952 111.
718 2917 776 2953 vra.
787 2919 815 2956 a.
848 2895 920 2964 quod
933 2895 1011 2946 rivel
1025 2899 1097 2948 unius
1112 2899 1212 2950 numeri
1228 2915 1366 2951 consensus

302 2998 329 3034 r.
341 2998 365 3033 c.
377 2995 403 3048 et
410 2993 484 3051 parte
491 2980 570 3031 altera
579 2997 585 3028 t
593 2995 729 3032 ssexvrr.
739 2996 816 3032 cnse·
849 2973 998 3038 accederet,
1011 2993 1092 3042 neque
1108 2975 1163 3040 ipse
1175 2991 1324 3041 recusaret,
1339 2988 1366 3028 et

301 3077 374 3114 sscrs.
387 3062 457 3114 Lrt’s.
471 3057 537 3112 Bud.
551 3060 621 3109 Nero
631 3074 664 3110 ex
675 3059 765 3114 classe.
848 3071 935 3104 omnes
945 3054 1107 3122 cupidissime
1120 3054 1151 3105 id
1149 3054 1283 3123 facerent.
1292 3056 1365 3128 Quin

336 3139 413 3191 Multi
424 3137 462 3189 ad
474 3137 523 3188 hoc
533 3147 558 3186 et
569 3135 704 3189 innumeri.
715 3137 815 3190 Vitium
847 3146 934 3186 noster
946 3135 1001 3204 ipse
1012 3134 1119 3186 Tacitus
1129 3133 1178 3188 hac
1189 3155 1255 3190 voce
1264 3137 1360 3188 iterum

302 3220 390 3290 quivis
405 3216 501 3270 videris
514 3229 540 3268 et
556 3217 679 3268 sermonis
689 3217 813 3287 ineptias,
847 3229 921 3275 usus,
941 3212 969 3262 in
989 3213 1114 3283 Agricola
1137 3214 1174 3265 18.
1199 3215 1362 3284 Quamquam

301 3297 382 3348 immo
393 3293 490 3350 sordes.
508 3292 580 3362 Quid
590 3295 659 3345 enim
676 3293 742 3346 illud
759 3309 813 3360 est,
846 3302 983 3343 transacta
995 3303 1083 3356 estas,
1100 3292 1186 3359 sparsi
1196 3295 1364 3360 rerpmvin-

302 3373 410 3426 multiet
416 3369 565 3424 innumeri?
575 3368 713 3422 Adstricto
724 3385 813 3425 nostro
845 3373 912 3422 ciam
926 3372 1033 3423 numeri.
1045 3372 1106 3423 Haec
1117 3371 1222 3442 quidem
1238 3373 1323 3442 proha
1335 3385 1362 3425 et

301 3453 423 3524 scriptori
434 3451 495 3504 satis
507 3461 576 3510 erat,
587 3448 666 3501 credo
676 3489 683 3512 ‚
694 3452 812 3505 alterurn.
845 3463 931 3514 certa,
947 3451 991 3504 sed
1001 3451 1063 3503 illex
1073 3452 1122 3502 ista
1134 3449 1217 3503 libido
1230 3466 1364 3505 correcto·

300 3531 432 3584 Ferrettus
441 3525 609 3589 emendabat,
623 3527 813 3584 militesadboc
845 3551 918 3594 rum,
930 3533 1018 3602 ignara
1028 3531 1160 3599 quiescere
1176 3533 1255 3582 etiam
1269 3533 1297 3586 in
1309 3553 1365 3587 cer·

299 3609 435 3660 innumeri.
451 3605 510 3676 Ego
524 3605 657 3656 verissime
673 3624 706 3657 ex
721 3606 813 3660 Farne·
845 3609 887 3662 tis.
907 3609 999 3678 ltaque
1013 3604 1132 3657 rescribit
1149 3605 1254 3678 quidam
1263 3649 1271 3674 ,
1288 3611 1366 3663 multi

299 3687 363 3740 sisni
378 3685 493 3754 vestigiis
510 3681 582 3733 multi
594 3680 690 3735 adhoc
704 3689 810 3740 numeri.
846 3689 884 3740 ad
891 3689 938 3741 mc
952 3687 1086 3739 innumeri.
1098 3683 1129 3736 ld
1138 3699 1193 3751 est,
1203 3689 1305 3760 inquit,
1317 3690 1365 3761 qui

300 3765 352 3819 Ad
358 3763 421 3827 hac,
433 3759 617 3817 Sallustianum
627 3773 666 3813 est
677 3776 718 3815 :et
728 3767 811 3830 valet,
845 3767 872 3817 in
882 3782 1004 3816 numeros
1014 3765 1178 3836 legionesque
1188 3766 1306 3820 nondum
1316 3787 1362 3821 re·

300 3843 397 3904 etiam,
417 3853 548 3911 praeterea.
570 3840 608 3891 At
630 3857 746 3892 numeros
770 3841 812 3894 hic
845 3843 901 3893 lati.
922 3842 1057 3895 Acumen!
1077 3841 1148 3914 quod
1165 3843 1249 3896 fatcor
1269 3863 1364 3916 super·

299 3923 375 3990 capio
384 3917 518 3981 cohortes,
527 3917 731 3977 manusmexissa
742 3935 812 3970 :cre-
845 3921 921 3974 finisse
934 3923 972 3974 illi
985 3922 1089 3993 juveni,
1105 3923 1187 3992 magis
1202 3939 1280 3992 quesn
1287 3925 1364 3996 judi·

298 3999 376 4054 brom
386 3998 414 4054 id
424 3995 500 4050 verbi
510 3994 559 4048 sub
574 4010 658 4047 aevum
668 3993 769 4062 Taciti,
781 4017 811 4051 eo
844 4003 913 4054 cium
925 4021 931 4054 ε
945 4004 993 4056 nisi
1004 4001 1076 4076 quod
1088 4015 1150 4053 setas
1160 4015 1247 4055 tamen
1256 4004 1286 4058 id
1300 4025 1362 4060 cor-

299 4099 383 4135 sensu.
392 4078 492 4132 Plinius
500 4076 578 4146 epist·
588 4075 686 4138 10,38·
697 4073 731 4128 de
740 4079 810 4137 tiro·
843 4083 951 4138 rexisset
973 4096 1000 4136 et
1022 4081 1168 4136 direxisset.
1192 4085 1231 4138 At
1255 4097 1363 4142 tantum
