2896 5000
136 417 240 462 ten.
489 419 662 496 niusa
686 421 717 496 1.
1083 427 1134 506 35

135 487 187 526 Δ-ὓ.
207 497 226 524 o.

93 497 323 654 quan⁷vetlee
346 548 590 652 Consulmrnm
615 549 716 647 inde,
742 569 836 652 apro
857 552 996 650 rostris,
1026 580 1070 630 an
1095 555 1135 634 in

94 683 214 758 emam,
227 687 269 742 au
283 659 320 738 in
331 665 600 766 matrisadoprio
609 687 880 767 nuncuparetur.
892 697 909 736 n
929 700 945 736 tt
959 669 1005 742 lri
1018 670 1053 743 in
1065 697 1136 746 cas·

93 801 155 882 tra,
168 817 183 853 n
198 777 351 884 placuit}
368 779 623 855 uhonorificum
637 783 672 856 id
687 783 858 857 militibus
874 785 965 883 sore,
982 810 1136 886 quorum

93 901 249 996 savorem,
264 914 304 971 ut
316 896 500 1000 largitione
511 913 545 972 et
558 898 694 972 ambitu
711 899 799 972 male
820 897 978 1000 adquiri,
1004 899 1051 974 ita
1073 929 1137 1002 per

92 1014 187 1088 bones
203 1033 290 1088 artes
303 1011 398 1086 haud
412 1013 683 1112 spernendum.»
699 1012 980 1088 circumsteterat
994 1010 1138 1092 interim

91 1129 246 1228 palatium
262 1127 403 1229 publica
420 1127 648 1228 exspectatiO,
663 1126 780 1230 magni
795 1130 913 1202 secreti
927 1130 1110 1230 impatiens
1125 1158 1138 1208 ε

90 1259 120 1316 et
135 1245 218 1318 male
233 1241 418 1318 coercitam
437 1244 565 1316 famam
580 1241 834 1341 supprimentes
847 1244 1031 1345 augebant.

132 1361 266 1436 XVlll.
292 1361 469 1457 Quartum
488 1358 566 1430 idus
594 1356 785 1457 januarias,
808 1357 943 1430 foedum
964 1359 1140 1434 imbribus

90 1471 192 1570 diem,
214 1477 367 1548 tonitrua
384 1488 419 1546 et
434 1473 576 1573 fulgura
590 1488 624 1544 et
642 1472 791 1546 cebetas
813 1471 918 1544 miuae
939 1474 1032 1547 ultra
1051 1475 1139 1547 soli-

90 1603 157 1660 tum
182 1589 419 1664 turbaverant.
442 1587 675 1664 Observatum
704 1586 739 1658 id
770 1583 962 1688 antiquitus
989 1588 1141 1662 comitiis

89 1698 283 1778 dirimendis
305 1719 376 1777 non
399 1705 523 1776 terruit
545 1701 717 1798 Galbam,
743 1721 814 1801 qno
838 1705 954 1776 minus
971 1707 1006 1778 in
1030 1725 1141 1780 castra

89 1831 251 1920 pergeret,
270 1832 544 1917 contemptorem
564 1814 706 1903 talium,
729 1833 770 1890 ut
791 1818 1036 1907 for·tuitomm;
1056 1843 1137 1919 seu,

89 1958 159 2032 quae
178 1935 249 2008 fato
273 1953 435 2029 manent,
464 1930 624 2032 quamvis
646 1930 854 2032 significata,
878 1961 948 2008 non
973 1933 1140 2034 vitantur.

90 2049 189 2154 Apud
200 2051 419 2150 frequentem
433 2044 586 2119 militum
598 2044 819 2136 concionem,
832 2048 1052 2148 imperatoria
1065 2049 1143 2124 hre-

89 2158 201 2262 vitate,
226 2161 415 2263 «adoptari
434 2190 455 2236 a
476 2187 512 2234 se
533 2157 712 2248 Pisonem,
735 2189 832 2236 more
855 2161 899 2236 D.
928 2164 1083 2266 Augusti
1104 2183 1141 2238 et

88 2282 235 2381 exemplo
252 2279 416 2376 militari,
434 2299 506 2379 quo
520 2277 574 2350 vir
590 2275 705 2348 virum
724 2276 902 2378 legeret,»
922 2279 1139 2378 pronuntiat.

88 2392 137 2465 Ac
159 2421 202 2470 ne
224 2393 443 2470 dissimulata
465 2389 589 2465 seditio
610 2388 648 2460 in
671 2390 782 2488 majus
803 2385 1018 2491 crederetur,
1044 2391 1141 2468 ultro

88 2507 274 2601 adseverat,
292 2542 311 2581 n
320 2527 480 2610 quartam
493 2525 528 2578 et
543 2502 856 2578 duodevicesimam
869 2508 1040 2608 legium,
1057 2530 1140 2607 pau·

115 2704 145 2752 In
164 2706 266 2759 centis.
290 2703 474 2765 Praeterieris,
496 2709 527 2750 ut
548 2715 591 2768 sp.
626 2699 694 2749 inter
705 2700 826 2760 uitentur,
836 2712 866 2750 ut
876 2699 978 2754 Puteal.
991 2701 1051 2756 Ber.
1063 2715 1090 2756 et
1099 2701 1139 2754 vi·

86 2775 152 2834 Suet.
161 2783 257 2838 Gland,
268 2801 311 2837 nra
626 2789 722 2830 tenutr.
735 2779 805 2830 Eun.
815 2777 860 2832 Sic
871 2779 935 2832 Bud.
946 2794 972 2834 et
982 2783 1066 2836 ntes.

117 2863 278 2914 olumnam
289 2861 320 2912 id
327 2879 353 2912 a.
361 2857 420 2912 ed.
431 2860 452 2912 1.
461 2872 482 2910 e.
493 2872 552 2910 com
561 2854 594 2910 ab
660 2859 735 2936 nnete
747 2860 782 2908 D.
792 2860 904 2930 Aegra-su·
912 2863 1062 2928 assumpto
1072 2861 1143 2914 min·-

86 2935 177 2990 nltimis
189 2939 354 3012 temporibus
367 2951 395 2988 ea
407 2954 447 2988 res
461 2934 594 2987 diremerit
628 2939 689 2989 tar-i.
700 2935 832 3006 Treiectio
840 2939 908 2991 lacta
918 2953 1013 2994 rosum
1024 2941 1140 3008 videtur,

85 3021 197 3084 comitia,
212 3039 262 3090 pro
279 3039 307 3071 re
321 3017 411 3070 habita
422 3017 469 3078 sit,
485 3024 594 3086 propter
627 3032 704 3088 quam
720 3016 842 3069 odoratus
852 3018 976 3074 AEmilius
990 3018 1142 3075 Ferrettus:

85 3113 156 3166 qnam
165 3102 275 3151 comitia
286 3097 399 3150 debcant
407 3093 594 3148 dirimiverbi
627 3097 759 3168 legitque,
780 3097 897 3163 exemplo
922 3105 959 3152 D.
981 3101 1092 3174 Augurati
1114 3113 1143 3155 et

83 3177 211 3230 etimne
228 3179 383 3250 exquisitior
400 3179 457 3238 vis,
474 3189 501 3228 et
518 3172 593 3226 Livio
627 3189 695 3225 more
712 3175 831 3227 militari.
847 3174 893 3227 Me
908 3173 1013 3250 quidem
1028 3192 1141 3249 utraque

84 3260 212 3327 usurpata.
229 3258 302 3310 End.
319 3257 359 3310 De
373 3275 400 3309 re
416 3253 476 3310 vide
487 3255 544 3308 Cic.
560 3251 593 3306 de
627 3271 703 3306 manu
725 3251 893 3308 adsentiente.
915 3257 982 3308 Lirs.
996 3257 1140 3326 Vulgatum

85 3329 169 3390 Divtn.
182 3351 210 3399 2,
226 3333 266 3390 18.
625 3331 766 3386 defendunt
778 3332 850 3385 Voss.
862 3345 885 3385 et
897 3333 992 3387 Davies
1002 3334 1034 3386 nd
1042 3336 1139 3388 Caesar.

115 3419 175 3486 Nep
190 3419 320 3469 vitantur.
334 3415 364 3468 ln
381 3413 494 3466 editione
511 3413 594 3482 prima
626 3410 694 3466 Mi
718 3412 783 3474 μθ.
798 3411 869 3483 qued
879 3427 906 3465 ct
916 3431 986 3466 more
995 3433 1044 3486 pro
1054 3431 1140 3465 eanm-

85 3487 197 3546 dedimus
211 3514 226 3545 e
243 3489 334 3544 Guelf.
352 3493 505 3554 vitarentur,
522 3489 594 3560 quod
624 3493 670 3562 pio
680 3491 791 3544 dicatur.
802 3489 840 3545 Ut
852 3491 878 3544 id
887 3493 1026 3546 concedam
1035 3533 1041 3555 ,
1051 3505 1139 3547 tamen

86 3573 178 3639 optime
187 3575 330 3625 convenit-e
341 3585 489 3642 temporum
501 3570 594 3620 rationi
627 3583 653 3623 et
663 3570 781 3636 exempto
791 3569 897 3621 militari
908 3570 1010 3635 durius,
1021 3587 1099 3642 rmum
1109 3583 1142 3624 nt

86 3649 227 3713 ridebatur,
239 3661 267 3704 et
278 3651 332 3703 baee
344 3667 395 3702 non
411 3669 426 3702 e
442 3661 527 3700 mente
541 3645 595 3699 Ta·
627 3647 746 3719 probem.
755 3646 825 3698 Ean.

84 3729 140 3793 citi,
152 3730 196 3784 sed
212 3730 309 3786 Galbae
325 3729 377 3782 dici
390 3727 524 3800 putabam.
542 3725 595 3782 Sed
662 3729 717 3796 Quo
727 3727 863 3778 virvirum
873 3725 924 3796 leg.
939 3725 982 3778 Cf.
993 3725 1140 3782 visconti.

84 3809 116 3860 ita
134 3815 211 3864 etiam
230 3823 293 3864 ante
309 3810 417 3863 deberet
435 3829 489 3863 esse
507 3825 595 3862 mnne·
628 3803 661 3863 L.
674 3808 717 3869 1⁸,
732 3823 770 3876 ¹9·

83 3899 142 3944 rem.
153 3891 240 3963 Igitur
250 3891 386 3961 pristinam
396 3889 533 3942 tectionem
545 3905 596 3942 res·
661 3880 1054 3954 Quartametduodevicesimam
1064 3883 1141 3958 legio·

82 3971 147 4022 iitnl.
156 3969 208 4024 Ed.
222 3971 295 4041 Spir.
306 3965 386 4023 babet
395 3979 537 4023 vermnmr.
550 3966 595 4021 in·
627 3981 681 4018 nes.
693 3963 737 4018 Sic
750 3981 837 4016 omnes
850 3979 900 4016 sor.
914 3975 940 4016 et
951 3962 1011 4018 edd.
1023 3978 1082 4017 ente
1095 3966 1142 4019 Pi-

84 4047 220 4119 telligenda
231 4059 293 4101 sunt
303 4047 423 4119 ejudieio
434 4045 532 4110 Taciti,
542 4065 594 4102 non
628 4044 747 4105 ebenum,
765 4043 810 4114 qui
829 4043 926 4114 recepit
944 4039 995 4092 drm
1005 4055 1030 4093 et
1041 4043 1140 4095 viceni„

85 4126 181 4182 Gelbes
192 4127 286 4182 Ceteri
296 4142 347 4182 scr.
359 4134 386 4180 et
395 4123 457 4180 edd.
466 4127 596 4181 fluctuant
627 4141 713 4189 mam,
725 4123 800 4180 velut
814 4120 922 4177 historia
938 4135 965 4174 et
981 4123 1051 4178 Flor.
1065 4142 1080 4176 a
1095 4141 1138 4194 pr.

958 4205 991 4278 ὅ.
