2896 5000
138 423 242 467 ..aaa
489 427 661 500 arnna
685 427 713 499 1.
761 517 765 526 ,
1078 426 1128 502 25

136 494 157 532 Δ.
165 492 187 532 (l.
210 506 228 530 0.

95 506 240 654 Thracia,
254 575 288 630 et
300 579 378 656 quae
391 553 468 629 aliae
477 557 759 656 procuratoribus
770 553 988 645 cohibentur,
1004 571 1045 630 ut
1058 558 1129 632 cui·

94 697 152 771 que
161 670 318 746 exercitui
331 669 472 768 viciuae,
487 669 535 744 ita
546 671 583 743 iu
598 674 751 748 favorem
763 691 823 744 aut
836 670 957 744 odium
969 689 1131 746 contactu

93 786 307 859 valentiorum
322 784 522 886 agebantur.
542 787 694 860 lnermes
711 784 919 887 provinciae,
936 805 1040 886 atque
1055 786 1130 886 ipsa

92 901 253 1000 inprimis
272 899 391 997 ltalia,
414 901 621 1002 cuicumque
644 902 782 976 servitio
802 900 974 1000 exposita,
995 901 1032 973 in
1055 928 1131 1001 pre·

92 1014 170 1088 tium
192 1015 273 1090 belli
292 1036 435 1088 cessurae
459 1035 567 1090 erant.
588 1016 660 1090 Hic
683 1017 752 1091 fuit
764 1043 884 1091 rerum
906 1043 1130 1090 romanarum

90 1146 204 1228 status,
228 1157 310 1204 cum
325 1133 396 1204 Ser.
412 1130 529 1204 Galba
546 1132 694 1230 iterum,
712 1133 818 1206 Titus
834 1131 983 1231 Vinius,
1000 1158 1129 1207 consu-

91 1242 151 1342 les,
166 1245 366 1320 inchoavere
378 1271 530 1337 annum,
551 1246 619 1320 sibi
640 1248 825 1338 ultimum,
840 1246 927 1346 reip.
941 1274 1050 1348 prope
1067 1274 1130 1320 su-

91 1384 250 1457 premum.

92 1547 95 1556 ,
122 1477 210 1552 ΧΠ.
222 1475 346 1548 Paucis
354 1474 507 1577 postkal.
517 1473 688 1572 januarias
696 1474 982 1574 diebusPompeii
990 1474 1131 1575 propin-

90 1588 151 1686 qui,
158 1588 682 1692 procuratoris,eBclgicaliterae
690 1589 939 1663 adferunturt«
946 1587 1130 1690 superioris

88 1703 275 1780 Germaniae
287 1707 458 1810 legiones,
474 1724 576 1805 rupta
589 1703 793 1778 sacramenti
804 1703 1009 1794 reverentia,
1022 1702 1130 1802 impe

88 1838 222 1894 rnorem
237 1821 346 1894 alium
370 1821 543 1923 flagitare,
568 1833 604 1891 et
621 1818 754 1892 senatui
774 1843 813 1891 ac
827 1845 909 1919 pop.
925 1846 1014 1892 rom.
1033 1817 1130 1890 arbi-

88 1933 181 2009 trium
190 1935 340 2039 eligendi
348 1935 564 2037 permittere3
574 1964 590 2002 n
603 1962 674 2034 quo
682 1933 806 2007 seditio
815 1933 957 2007 mollius
965 1932 1131 2033 accipere-

88 2064 145 2122 tur.
152 2051 340 2126 Maturavit
351 2048 642 2125 caresconsilium
650 2049 789 2147 Galbae,
800 2049 872 2148 jam
879 2048 1014 2148 pridem
1024 2048 1130 2120 dead-

88 2163 215 2264 optione
228 2193 348 2240 secum
364 2185 398 2239 et
411 2191 491 2238 cum
503 2161 669 2264 proximis
681 2162 855 2264 agitantis.
866 2165 951 2236 Non
963 2189 1044 2236 sane
1058 2189 1129 2236 cre-

86 2273 170 2350 brior
189 2297 264 2354 tota
287 2281 424 2356 civitate
448 2305 561 2352 sermo
580 2303 642 2375 per
659 2275 738 2348 illos
755 2302 889 2350 menses
906 2278 1017 2350 fuerat
1035 2303 1044 2349 ε
1059 2279 1129 2376 pri-

85 2412 172 2466 mum
188 2395 329 2470 licentia
345 2421 384 2468 ac
400 2391 547 2466 libidine
558 2389 641 2462 talia
654 2389 842 2490 loquendi,
863 2391 943 2464 dein
960 2392 1046 2480 fessa
1058 2391 1130 2490 jam

111 2587 141 2618 ²1.
157 2577 342 2622 Pmcuraton'bus
353 2575 491 2621 cohibeatur.
508 2570 708 2617 pmcn-attonitus
718 2570 769 2618 cod.
778 2573 832 2631 Agr.
842 2591 870 2606 —
885 2587 920 2619 n.
932 2573 994 2615 Dein
1000 2572 1071 2627 sessa
1076 2572 1130 2624 jam

84 2653 143 2690 πῖπτε
153 2649 237 2696 Galbae.
252 2656 310 2694 cave
321 2663 371 2693 cum
379 2648 484 2694 Rhenano
495 2654 576 2689 mutes.
1116 2641 1118 2659 ”

111 2790 327 2846 Pmcuratorr'bas.
340 2792 382 2844 De
396 2790 437 2843 bis
454 2806 582 2861 procura·
615 2805 691 2839 amnt.
702 2787 763 2839 Nou
779 2805 841 2859 ergo
851 2787 928 2846 audio
939 2787 1128 2841 adolescentem

84 2865 173 2920 toribus
194 2870 272 2924 Caesa.
294 2891 322 2923 v.
346 2868 469 2921 Gutber..
482 2867 516 2918 de
533 2865 581 2918 off.
615 2863 758 2930 eruditum,
783 2869 828 2937 qui
844 2885 892 2936 per
907 2867 996 2918 literas
1011 2885 1052 2918 me
1069 2885 1129 2918 mo-

85 2939 145 2997 dom.
162 2949 230 3020 Aug,
251 2951 281 3014 3,
302 2951 344 3017 34.
614 2947 672 2996 nuit
689 2945 771 2997 videri
792 2945 945 3014 legendum,
965 2947 1037 3012 terp.-
1048 2963 1131 3017 prope

110 3025 252 3095 (lucumque
271 3027 374 3079 servitio
391 3025 515 3090 expoa'ta
539 3019 583 3073 sie
613 3023 741 3088 primam
754 3026 910 3094 quitantum
924 3026 1130 3086 nonvetus,iu-

84 3096 162 3154 ‹ledie
180 3105 249 3158 Flor.
272 3108 338 3176 Agr.
357 3102 445 3156 Guell.
466 3103 583 3154 Pertinet
616 3100 687 3170 quit,
709 3119 776 3170 resp.
800 3114 826 3152 et
849 3101 956 3153 libertas
974 3103 1093 3170 incepere
1114 3117 1130 3152 a

83 3172 124 3228 buc
138 3179 168 3230 ad
178 3184 259 3234 solam
277 3183 378 3234 ltaliam
389 3201 396 3232 t
407 3183 535 3250 reliquum
545 3192 583 3231 est
615 3177 709 3231 Galba.
725 3181 791 3250 Logi
807 3181 884 3250 alogi.
901 3181 969 3231 ers.

82 3273 215 3312 commune.
226 3264 310 3332 Igitur
321 3273 583 3322 certamverummt
648 3263 738 3325 Rupta
749 3260 905 3310 sacramenti
922 3259 1073 3311 reverentia.
1090 3260 1131 3310 Ita
1190 3309 1195 3316 ,

83 3330 161 3388 Guelf.
171 3351 197 3390 et
214 3339 275 3393 edd.
289 3356 387 3402 omnes,
398 3357 450 3389 non
466 3355 582 3400 cessura,
616 3339 666 3388 mei
682 3336 760 3399 libri,
772 3349 799 3390 et
814 3339 939 3388 sententia
956 3336 1130 3406 exigit.vae-

82 3413 179 3466 utFlor.
193 3415 203 3484 (
213 3416 297 3486 Bud.)
314 3421 380 3487 Agr.
397 3415 583 3468 babentEnre.
615 3433 711 3479 nanus,
729 3415 793 3468 dum
810 3415 934 3468 badensis
952 3414 1049 3467 codicis
1068 3433 1130 3465 cor·
1147 3479 1150 3486 Ι

82 3485 139 3543 But.
148 3498 275 3561 exposita.
282 3496 367 3566 Vulgo
377 3497 443 3546 male
450 3495 582 3560 expositae.
615 3509 721 3562 ruptam
733 3498 890 3566 scripturam
902 3495 1038 3563 (licentia)
1049 3507 1078 3544 ut
1089 3515 1130 3546 aa·

109 3573 260 3626 Inchoavere
279 3595 374 3627 annum
394 3576 443 3628 sibi
458 3575 582 3626 altimum.
614 3579 690 3642 μίτον
700 3575 893 3643 ιἰρὲιοδεετνειῑ,
901 3573 997 3625 nodum
1007 3574 1034 3623 in
1043 3574 1130 3644 scirpo

81 3645 209 3720 Eleganter
217 3655 327 3708 dictum.
339 3655 477 3708 Solicitant
487 3667 582 3705 tamen.
615 3658 716 3728 quaerit.
726 3657 796 3706 ers.
806 3655 846 3705 Ita
857 3673 911 3706 rem
921 3671 992 3723 cape.
1004 3651 1070 3705 Bud.
1080 3653 1129 3706 ha-

82 3723 112 3778 Et
124 3749 218 3796 nonne,
231 3737 368 3805 inquiunt,
381 3734 450 3787 idem
464 3747 504 3786 est
519 3735 582 3786 ulti·
615 3734 660 3786 bet
670 3743 746 3797 napta
763 3731 919 3782 sacramenti
936 3731 1048 3781 licentia.
1066 3731 1131 3784 Inde

82 3823 144 3860 mum
153 3829 182 3863 ac
190 3813 362 3884 supremum?
375 3815 484 3866 Fateor:
498 3816 581 3885 gerni·
614 3809 697 3862 Rbtn.
706 3807 860 3879 conjiciebat
872 3809 941 3876 rapti
949 3823 1015 3859 sacr.
1026 3809 1070 3861 lic.
1084 3809 1129 3862 sed

81 3885 155 3938 nanda
165 3901 251 3942 tamen
263 3911 317 3944 vox
327 3891 377 3943 fuit
386 3891 421 3944 ob
429 3893 582 3943 sententiam
611 3893 640 3942 iu
653 3903 726 3942 textu
737 3901 824 3941 servat
838 3888 987 3958 vulgatum.

81 3957 208 4028 disparem.
219 3967 280 4020 Non
293 3971 360 4020 enim
376 3981 446 4021 certe
460 3971 524 4038 reip.
538 3971 582 4021 ul·
647 3973 727 4022 Fessa
737 3971 792 4038 jam
804 3979 879 4018 oetate
893 3968 992 4018 Galbae.
1008 3966 1054 4020 Sic
1066 3969 1129 4023 libri

80 4039 151 4094 timus
159 4049 363 4118 annus.Alioqui
370 4047 456 4100 dicere
463 4067 582 4118 percom-
614 4068 664 4102 scr.
682 4061 708 4100 et
726 4046 784 4098 edd.
802 4046 850 4096 uisi
868 4044 940 4116 quod
955 4043 1020 4096 Bud.
1039 4044 1129 4099 babuit

80 4119 148 4174 mode
158 4125 299 4194 potuisset,
311 4127 359 4179 sibi
370 4139 395 4178 et
409 4128 474 4194 rer'p.
489 4143 581 4194 supre-
614 4129 760 4200 defirssaaa
768 4146 801 4180 cc.
812 4129 843 4180 G.
851 4125 919 4180 unde
924 4123 1061 4180 Rhenanus
1069 4143 1129 4178 con·
