2896 5000
168 379 286 426 *Μ*
505 447 509 456 .
536 381 709 456 LIBER
734 382 762 454 1.
1154 379 1179 456 5

168 449 192 487 a.
200 449 224 488 c.
234 446 270 498 69.

122 512 1197 618 ›illaingeniucessere2simulver'itaspluribnsmodisinfracta,r
1265 512 1268 525 '

126 629 276 730 primum
293 627 430 703 inscitia
443 628 647 730 reipublicae
663 627 856 730 titalianus,
871 657 953 704 mox
969 629 1115 704 libidine
1122 629 1179 703 ad·

122 744 300 844 tentandi,
316 764 376 818 aut
388 769 506 818 rursus
519 743 599 817 odio
611 743 774 819 adversus
785 745 1002 822 dominantes
1017 771 1027 818 ε
1040 749 1087 818 ita
1098 769 1181 818 neu·-

125 859 185 932 tris
205 885 287 932 cura
309 858 537 958 posteritatis,
564 856 655 931 inter
677 857 829 932 infensos
840 861 894 935 vel
912 860 1091 935 obnoxios.
1112 857 1181 932 Sed

127 971 351 1046 ambitionem
372 971 550 1073 scriptoris
568 969 669 1045 facile
689 971 900 1062 adverseris;
923 973 1127 1048 obtrectatio
1145 989 1181 1046 et

80 1115 83 1120 ¹
125 1085 212 1162 livor
227 1090 348 1188 pronis
359 1087 502 1162 auribus
516 1085 744 1186 accipiuntur.
762 1090 903 1191 Quippe
913 1087 1102 1164 adulationi
1113 1089 1181 1160 foe-

123 1262 250 1317 potestas,
266 1269 317 1302 non
327 1251 451 1316 potentia.
468 1251 515 1303 Jut
525 1261 581 1301 erat
594 1248 636 1300 sa·⁴
670 1247 711 1312 id,
722 1251 792 1322 quod
802 1251 828 1304 in
836 1253 987 1322 praefatione
996 1251 1117 1310 diximus,
1126 1265 1181 1300 ont·

127 1325 223 1389 ciendi,
236 1345 292 1398 quae
302 1325 460 1391 viderentur,
476 1327 503 1380 b.
515 1343 540 1378 e.
548 1335 637 1391 ροισι-
670 1345 732 1390 nes,
753 1347 819 1400 quos
838 1329 975 1392 habemus,
997 1325 1076 1382 MSS.
1094 1325 1183 1380 Taciti

126 1405 270 1475 scalptum
278 1405 410 1476 epitheton
420 1409 503 1458 omnis
513 1405 638 1476 potestati
671 1403 754 1458 libros
770 1425 801 1457 ex
816 1425 869 1458 nno
879 1405 968 1459 codice
978 1407 1091 1458 fluxisse.
1103 1402 1182 1457 Unde

122 1485 261 1547 convenit,
282 1501 336 1535 non
358 1485 489 1550 potentiae.
520 1481 638 1535 Omnium
672 1494 745 1534 tanto
762 1485 843 1554 magis
855 1484 915 1536 talis
924 1501 1061 1536 consensus
1072 1481 1182 1532 existere

126 1576 210 1612 rerum
224 1571 374 1628 potestatem
389 1559 457 1612 dixit
469 1573 496 1611 et
507 1559 638 1624 Livius8,
672 1561 771 1628 potnit.
788 1558 833 1612 Sic
850 1561 885 1614 Η.
901 1579 932 1624 o,
950 1561 990 1613 51.
1009 1559 1103 1628 optimi
1120 1555 1182 1608 libri

128 1639 167 1691 13,
177 1637 233 1690 Nec
244 1638 366 1710 displicet
376 1638 439 1690 mihi
448 1637 475 1690 h.
487 1639 503 1690 l.
517 1639 638 1689 omnium.
673 1636 808 1689 adversam
815 1635 1121 1708 prouuersomexbibent.
1128 1631 1183 1684 Sed

125 1711 194 1772 Eun.
204 1713 262 1785 Bip.
272 1733 411 1786 reposuere
419 1717 570 1784 potentiam,
580 1715 641 1785 quia
673 1728 758 1768 tamen
766 1727 826 1768 sunt
833 1717 858 1767 in
865 1715 906 1768 bis
914 1714 1183 1782 MSS-vestigiaverae

125 1807 153 1848 et
161 1814 185 1847 c.
199 1797 236 1846 13.
250 1795 345 1866 legitur
354 1798 470 1863 potentia
478 1795 640 1864 principatus
673 1794 816 1863 scripturae.
827 1792 897 1857 Η.3,
906 1795 950 1859 25,
962 1793 1185 1844 unnsFlor.aver-

127 1873 223 1927 divisa.
674 1871 744 1934 sari,
760 1871 839 1924 ceteri
854 1869 917 1925 libri
934 1888 1021 1922 omnes
1038 1865 1185 1934 aduersari.

159 1953 269 2005 Inscitia
280 1953 344 2019 reip.
356 1953 493 2006 utalienoe.
505 1953 641 2006 H.e.curn
674 1949 768 2022 Neque
785 1969 848 2003 vero
866 1969 898 2002 ex
917 1951 972 2002 ullo
990 1949 1040 2002 alio
1057 1949 1185 2017 scriptore

126 2025 244 2084 homines
260 2047 332 2081 suam
348 2049 431 2100 remp.
448 2049 499 2084 non
510 2031 584 2082 aliter
596 2043 642 2082 aut
674 2033 780 2100 antiquo
789 2032 906 2101 exempla
913 2031 1024 2100 proferri
1032 2038 1184 2100 potuerunt,

126 2107 220 2162 melius
226 2118 341 2171 nossent,
350 2126 428 2178 quarn
436 2109 552 2170 alienam,
562 2125 642 2177 prop-
674 2107 720 2160 ubi
731 2108 792 2160 libri
802 2127 890 2160 omnes
896 2111 932 2160 ita
942 2108 1117 2159 consentirent
1125 2123 1132 2170 ;
1141 2101 1187 2156 sed

126 2197 214 2248 terea,
234 2181 306 2253 quod
323 2183 377 2253 ejus
396 2187 519 2238 incuriosi
539 2196 639 2246 essent,
674 2185 801 2238 adsolurn
811 2185 933 2238 Taciturn
940 2181 1187 2255 provoceturAEon·

125 2281 187 2318 cum
204 2262 236 2314 ad
252 2281 308 2314 eam
326 2260 446 2317 decedere
461 2283 514 2316 non
529 2265 641 2333 amplius
673 2279 715 2319 tra
725 2266 863 2336 saepissime
877 2279 1007 2318 ostensum
1022 2276 1076 2325 est,
1088 2261 1187 2312 adver·

125 2343 234 2406 liceret,
249 2342 295 2394 sed
304 2345 380 2395 unlus
391 2345 475 2396 omnia
485 2357 551 2398 nutu
558 2356 586 2396 et
595 2360 640 2394 ar·
674 2346 729 2400 suri
738 2363 873 2398 occurrere
882 2345 910 2396 in
920 2345 1039 2414 plurimis
1048 2341 1125 2394 codd.
1137 2340 1186 2394 ubi

122 2420 209 2478 bitrio
219 2431 379 2490 gererentur.
387 2421 460 2474 Ean.
674 2423 792 2478 meliores
809 2421 871 2474 libri
885 2419 997 2472 habeant
1015 2419 1140 2471 aversari.
1150 2417 1186 2470 V.

158 2499 487 2567 Ambitionemseriptoris.
500 2498 642 2553 Adulatio-
675 2498 852 2554 Drakenb.sd
866 2495 1187 2568 Liv.8,7.Schwara.ad
1256 2498 1258 2503 ’

123 2597 203 2641 nem,
220 2577 340 2648 placendi
352 2577 477 2630 studium.
493 2577 546 2632 Sic.
562 2569 596 2632 A'.
612 2597 641 2640 t,
675 2579 744 2632 Plin.
760 2577 790 2630 P.
806 2577 847 2644 46.
864 2575 939 2630 Cort.
950 2575 983 2628 ad
993 2569 1133 2645 satt'Jug.
1143 2573 1187 2642 93.

124 2661 184 2726 67..
197 2657 281 2708 Nulla
291 2657 437 2712 ambitione.
455 2659 499 2722 13,
510 2659 550 2726 4.,
564 2657 643 2710 Ntltil
675 2657 720 2711 Sic
730 2656 804 2727 Virg.
815 2655 882 2710 AEn.
891 2655 923 2723 4,
937 2658 993 2708 106.
1006 2655 1082 2708 mtrlti
1094 2653 1188 2724 scripti

124 2733 427 2802 ambitionipem'umAEt
436 2733 505 2806 apud
512 2735 643 2788 Jusunum
674 2738 750 2801 libri,
766 2735 912 2788 adverteret
923 2755 973 2806 pro
988 2745 1121 2786 everteret.
1130 2729 1188 2784 Ubi

127 2829 177 2876 ¹²»
189 2811 229 2864 15·
240 2811 344 2864 “millib
352 2812 435 2884 vulgi·
447 2858 459 2874 2
676 2837 703 2870 v.
712 2815 799 2868 Heius.
809 2826 836 2865 et
845 2811 932 2866 Burm.
940 2813 1031 2884 ltaque
1041 2810 1187 2864 erodocum

160 2887 253 2940 Facile
264 2887 419 2940 adverseris.
430 2887 580 2959 legendum
590 2905 644 2940 esse
676 2891 768 2946 eodem
797 2888 931 2944 Drakenb.
954 2903 979 2940 et
1006 2887 1126 2940 Oudend.
1154 2883 1187 2938 ad

125 2968 274 3031 averseris,
290 2966 434 3019 doctissimi
449 2968 501 3020 viri
517 2979 644 3020 statuunt.
676 2969 753 3024 Suet.
761 2967 824 3022 Tib.
833 2985 873 3037 27,
882 2987 936 3020 esse
945 2985 1041 3018 meram
1050 2976 1190 3034 corrupte·

125 3045 219 3114 llecte.
235 3045 272 3099 Et
287 3048 410 3100 convenit
420 3045 497 3098 hodie
508 3046 579 3110 lere,
594 3045 645 3096 ud-
676 3049 729 3102 lam
739 3047 918 3110 librariorum,
930 3045 1100 3114 omnibusque
1109 3045 1136 3094 in
1145 3041 1188 3108 ξο-

127 3122 232 3175 venali
249 3140 302 3174 ⁰⁸⁸³
321 3136 410 3176 ¹¹⁰l³1¹¹
426 3124 493 3186 &Vir
510 3141 564 3194 (1¹10
582 3121 645 3174 libri
677 3131 715 3182 cis
724 3146 778 3180 esse
788 3125 981 3178 rescribendum
994 3122 1117 3174 aversari.
1135 3120 1189 3174 Ce-

125 3202 223 3272 acripti
230 3239 239 3264 ‚
256 3214 283 3254 et
293 3201 357 3254 nihil
367 3202 437 3254 aliud
449 3219 527 3274 quam
536 3219 646 3274 pravam
677 3203 763 3262 terum
776 3205 846 3279 quod
857 3207 1006 3276 opponitur,
1017 3203 1107 3270 pronis
1115 3203 1188 3254 auid-

125 3282 297 3352 wriplurffl·
309 3281 412 3353 Nempe
423 3280 507 3334 media
516 3294 591 3334 aetate
602 3299 645 3332 ⁵0·
677 3291 723 3342 bus
740 3287 868 3352 occipere,
887 3283 952 3341 bene
967 3283 1092 3336 convenit
1105 3281 1188 3334 verbo

126 3361 221 3424 lenne,
232 3359 365 3412 adversati
373 3359 487 3414 scribere
502 3379 551 3431 pro
567 3379 645 3413 avet·-
678 3367 794 3432 aversari
802 3383 855 3416 non
865 3361 1006 3414 adversari.
1015 3363 1105 3432 Itaque
1115 3377 1189 3412 uvern-

126 3441 197 3504 sari,
210 3441 408 3511 promiscueque
415 3442 464 3494 ista
473 3439 555 3495 verba
565 3439 644 3493 dieta.
678 3449 742 3499 seris
757 3447 867 3499 correxi.
882 3443 955 3498 Eun.
970 3442 1011 3493 lta
1022 3454 1047 3493 et
1059 3439 1187 3500 Picbena,

125 3522 167 3576 Εῑ
177 3520 252 3572 fatali
263 3517 372 3589 quadam
383 3521 564 3582 ⁰⁰11⁸²1¹⁸l⁰¹¹02
582 3519 645 3590 Plu·
679 3523 796 3579 Freinslr.
808 3522 880 3576 Brot.
892 3523 957 3574 Lnll.
968 3519 1066 3570 Contra
1076 3518 1133 3588 Bip.
1146 3515 1190 3569 ad-

99 3631 107 3642 ι
123 3598 205 3668 ribus
221 3599 248 3650 in
265 3598 330 3650 locis
347 3597 433 3650 Taciti
449 3597 476 3650 id
499 3609 647 3653 consunter
679 3606 794 3658 „entium
810 3601 944 3668 (tanaro,
963 3614 1053 3671 estque
1070 3611 1189 3652 constane

126 3677 259 3732 exhibent
284 3693 372 3728 omnes
391 3677 470 3740 libri,
491 3676 538 3730 uhi
559 3693 648 3729 sensus
680 3681 750 3754 apud
765 3693 881 3732 nostrum
898 3675 1002 3731 dicendi
1019 3679 1114 3742 forma,
1135 3675 1189 3728 ud·

126 3757 253 3816 aversari
258 3753 481 3810 desiderat:uude
490 3775 573 3828 nuper
582 3754 648 3809 Ges·
681 3761 782 3813 versari
790 3777 839 3830 pro
848 3756 959 3810 adverso
969 3759 1055 3808 animo
1064 3756 1190 3821 accipere,

124 3856 197 3894 ueto
212 3837 241 3886 in
256 3834 335 3888 Thes.
353 3837 384 3888 L.
399 3836 429 3889 L.
447 3835 649 3890 nonvidebatur
678 3833 1189 3900 trA.1‚28.H.1‚38.3,25.t‚84.

126 3913 432 3986 admodumprobabile‚
441 3917 468 3968 in
478 3916 599 3970 omnibus
608 3915 649 3968 bis
681 3919 735 3974 Sed
748 3931 775 3970 et
784 3917 878 3968 Plauto
887 3913 1096 3968 familiarisVide
1107 3913 1192 3966 Gesn.

126 3996 200 4052 locis
210 4013 265 4048 esse
278 3993 374 4046 vitium
387 3995 535 4065 scripture,
552 3995 648 4048 rescri·
682 3998 760 4052 Thes.
778 4008 805 4048 et
818 3995 894 4049 Parei
906 3995 958 4049 lex.
970 3995 1056 4051 Plaut,
1065 3993 1116 4036 ι*
1124 3989 1192 4045 Buds

125 4076 303 4147 bendumque
315 4075 441 4135 annoti·
453 4071 508 4132 sed
517 4072 651 4132 selendum
683 4069 836 4136 adverseris.
