2896 5000
309 451 357 500 20
467 399 471 406 ’
627 417 1035 495 nrsronmnuu
1187 417 1302 464 m...

306 557 376 632 nici
385 550 572 649 exercitus,
586 551 682 652 qnod
693 548 1072 652 periculosissimumin
1083 550 1189 626 tantis
1203 485 1350 652 viribus,

306 669 447 746 solliciti
468 687 502 741 et
523 666 619 756 irati,
642 665 804 766 superbia
826 665 971 740 recentis
994 663 1168 764 victoriae,
1191 686 1226 742 ct
1244 683 1355 758 metu,

306 802 474 886 tanquam
487 780 571 856 alias
592 799 705 880 partes
722 779 896 856 fovissent.
914 779 1031 853 Tarde
1046 808 1067 853 a
1086 782 1228 856 Nerone
1248 782 1356 856 desci-

306 917 520 986 verant3nec
533 895 650 969 statim
663 920 729 994 pro
748 893 866 968 Galba
887 892 1078 995 Verginius
1098 920 1107 967 τ
1126 921 1169 969 an
1189 894 1357 997 imperare

307 1014 489 1108 voluisset,
505 1008 674 1096 dubium3
688 1006 844 1080 delatum
855 1005 887 1080 ei
899 1033 919 1080 a
932 1005 1044 1081 milite
1057 1006 1265 1108 imperium,
1280 1037 1358 1097 con·

306 1127 476 1206 veniebat.
484 1123 671 1198 Fonteium
682 1120 890 1219 Capitonem
902 1119 1065 1212 occisum,
1073 1121 1178 1196 etiam
1187 1127 1249 1224 qui
1261 1125 1360 1227 queri

304 1269 376 1317 non
398 1253 573 1343 poterant,
591 1253 709 1311 tamen
729 1233 1012 1336 indignabantur.
1030 1239 1110 1312 Dux
1135 1236 1273 1338 deerat,
1297 1239 1358 1314 ab·

305 1359 411 1432 ducto
421 1351 609 1456 Verginio,
622 1378 684 1451 per
697 1346 956 1422 simulationem
972 1348 1134 1424 amicitiae
1143 1377 1152 1425 :
1161 1377 1269 1452 quem
1288 1381 1359 1427 non

304 1470 456 1568 remitti,
469 1488 574 1569 atque
587 1464 693 1539 etiam
706 1487 805 1536 reum
819 1480 910 1560 csse,
927 1481 1094 1563 tanquam
1110 1491 1213 1538 suum
1225 1468 1357 1543 crimen

307 1586 533 1688 accipiebant.

354 1706 419 1777 IX.
433 1696 597 1798 Superior
615 1690 783 1768 exercitus
797 1690 968 1792 legatum,
988 1693 1235 1768 Hordeonium
1255 1695 1356 1768 Flac.

307 1845 401 1915 cum,
412 1813 607 1916 spernebat,
625 1824 760 1882 senecta
772 1831 811 1878 ac
824 1806 1002 1880 debilitate
1014 1809 1145 1908 pedum
1153 1809 1359 1899 invalidum,

306 1937 380 2007 sine
391 1924 602 2018 constantia,
618 1922 693 1995 sine
704 1918 918 1994 auctoritate.
933 1923 971 1994 N
972 1949 991 1994 e
1004 1921 1123 2022 quieto
1135 1925 1278 2026 quidem
1291 1923 1359 1997 mi-

304 2046 383 2135 lite,
396 2043 568 2146 regimem
585 2038 670 2112 adeo
687 2036 838 2109 furentes
853 2033 1054 2112 infirmitate
1069 2039 1250 2114 retinentis
1263 2039 1358 2113 ultro

306 2160 590 2236 accendebantur.
620 2147 797 2226 Inferioris
824 2149 1027 2224 Germaniae
1050 2152 1201 2256 legiones
1227 2151 1358 2226 diutius

307 2275 381 2350 sine
388 2271 559 2348 consulari
570 2270 680 2354 fuere;
694 2264 824 2360 donec,
841 2261 949 2336 missu
963 2266 1110 2367 Galbae,
1128 2269 1175 2344 A.
1190 2265 1356 2344 Vitellius

338 2441 372 2487 ιε.
390 2438 489 2482 Solliciti
497 2443 520 2479 et
528 2435 582 2478 irati
593 2430 705 2488 superbia.
715 2432 782 2472 Ferte
792 2424 876 2482 inflati.
885 2447 913 2460 -
925 2427 959 2475 16.
974 2429 1095 2485 Verginius
1107 2445 1138 2476 an
1147 2434 1262 2488 imperare
1275 2430 1361 2476 voluit-

306 2521 349 2558 sct.
358 2511 398 2566 ¹sic
412 2509 462 2554 cod.
478 2513 529 2567 Agr.
545 2506 603 2550 forte
615 2502 727 2558 Virginius
737 2513 769 2543 an
780 2499 895 2553 imperare
907 2500 1020 2552 voluerit,
1032 2512 1067 2548 est
1078 2503 1179 2550 dutum.

338 2629 449 2685 Solliciti
457 2639 482 2680 ct
490 2627 558 2680 euri.
571 2620 645 2676 Haud
654 2633 750 2674 temere
761 2635 815 2668 mu·
847 2615 935 2670 abesse
945 2617 999 2670 vidi
1010 2637 1025 2671 a
1036 2620 1095 2674 MS.
1105 2623 1176 2676 Flor.
1191 2621 1277 2674 Oxou.
1293 2639 1363 2672 nuuc

308 2721 361 2762 tem
370 2727 377 2739 ·
387 2708 471 2777 aptior
476 2718 562 2756 tameo
570 2699 745 2775 membrorum
751 2713 815 2748 con·
847 2695 925 2746 etiam
938 2693 1027 2750 Guelf.
1043 2697 1083 2750 ed.
1095 2717 1135 2768 pr.
1148 2699 1250 2751 Puteol.
1264 2697 1364 2764 (Abest

305 2801 388 2854 nexus
402 2797 429 2836 et
439 2780 585 2851 responsio,
596 2779 709 2847 allegas,
722 2771 818 2824 rededi
847 2783 874 2822 et
884 2771 992 2843 allud.)
1004 2774 1107 2828 Primus
1115 2776 1191 2828 etiam
1201 2773 1304 2828 eddidit
1314 2774 1364 2826 tte-

307 2851 816 2927 ctelati.Metunempcsoliciti,victoria
847 2850 966 2915 roaldus,
982 2855 1070 2908 nescio
1087 2854 1164 2907 unde.
1182 2856 1249 2906 Item
1268 2873 1334 2906 mox·
1349 2871 1365 2904 e
1441 2877 1444 2920 4

308 2925 814 2994 elati.terminorumsaeeGalb.
848 2927 920 2983 Flor.
937 2951 998 2984 cum
1012 2933 1113 3003 llyckio
1125 2934 1190 2987 etl.
1206 2931 1291 2986 Gron.
1305 2932 1366 2985 edi·
1441 2925 1444 3004 4

311 3022 350 3072 rli.
356 3017 484 3083 fremebat
496 3013 633 3080 superioris
645 3013 731 3060 Germ.
742 3021 817 3055 exer-
849 3006 877 3060 di
886 3012 924 3062 A,
938 3013 1072 3078 Vm,
1089 3027 1119 3066 „t
1134 3027 1174 3066 m
1188 3015 1268 3066 etiam
1282 3012 1311 3064 in
1321 3011 1367 3064 31,

308 3101 381 3150 citus.
399 3096 479 3156 Mox,
497 3094 524 3146 in
538 3089 690 3142 Britannico
704 3085 818 3136 exer-citu
850 3106 892 3156 pr.
912 3090 982 3145 ΕΜ,
1005 3092 1070 3145 Bud,
1091 3095 1220 3146 murus,
1238 3095 1307 3164 Agr,
1324 3093 1367 3147 A,
1437 3002 1444 3160 l

309 3175 377 3228 niliil
390 3177 496 3227 irarum.
513 3172 577 3223 Post
586 3170 705 3222 Muretus
713 3178 744 3238 ¹et
754 3165 819 3218 Aci·
856 3168 908 3222 Vir,
961 3230 966 3243 ι
1329 3197 1334 3204 .

308 3257 393 3310 dalius
405 3253 549 3316 malebant,
565 3249 668 3302 eriamn·
681 3246 753 3316 queri
766 3261 818 3295 uon
883 3246 961 3298 Adeo
962 3247 1083 3312 suranna
1092 3262 1141 3302 etc.
1148 3249 1258 3302 Adeolr
1267 3250 1287 3302 l.
1294 3251 1368 3303 inso-

307 3348 438 3404 poterant.
448 3333 510 3386 Non
523 3332 603 3391 male,
617 3341 648 3379 ut
658 3328 759 3396 opinor.
770 3325 818 3376 Est
849 3323 944 3378 lentius
953 3325 1048 3378 dieitur
1058 3345 1107 3397 pro
1113 3327 1191 3377 multo
1196 3328 1286 3397 magia,
1298 3328 1371 3380 sieut

310 3415 417 3471 enimde
426 3412 515 3466 eodem
526 3411 641 3464 exercitu
648 3425 743 3458 sermo.
751 3406 818 3458 Eun.
851 3401 914 3454 alibi
925 3402 993 3457 dixit
1004 3417 1092 3456 noster
1104 3423 1153 3474 pro
1168 3405 1246 3454 mehe
1263 3407 1372 3469 ηιὶηω,

346 3496 489 3568 Verginius.
508 3491 590 3560 Cogn.
609 3487 705 3549 Rufus,
723 3484 756 3538 dc
766 3504 820 3557 quo
851 3483 997 3551 inlra3‚64.
1008 3501 1040 3534 ne
1048 3485 1178 3550 prosperis
1187 3482 1373 3553 quidempar:

310 3574 378 3628 Plin.
391 3593 432 3642 ep.
444 3587 459 3623 α
470 3610 477 3635 ,
490 3588 512 3622 ι.
523 3571 553 3630 6,
575 3583 613 3618 10.
851 3560 1051 3612 adeonoemr'tus
1061 3558 1213 3614 debilitatus.
1221 3559 1275 3614 Sed
1283 3574 1311 3614 et
1319 3582 1375 3633 pro

344 3653 385 3702 Ne
403 3649 490 3719 quieto
511 3663 538 3715 q.
558 3661 593 3696 m.
613 3643 732 3711 regimen.
756 3640 817 3695 MS.
852 3639 1019 3710 multomagis
1029 3639 1253 3705 ernestus,
1270 3641 1310 3693 ru
1322 3642 1375 3696 ubi
1441 3671 1442 3702 ÷

310 3721 820 3795 Guelf.regenti,inquoanmeliorleo·
849 3716 968 3786 junctum
987 3717 1116 3786 negationi
1130 3729 1168 3768 est
1183 3735 1232 3786 pre
1249 3718 1374 3770 nechim:
1441 3751 1443 3772 2

310 3809 348 3858 tio
368 3807 461 3866 lateat,
486 3801 529 3852 alii
547 3798 663 3874 ¹videam.
682 3797 820 3866 Vulgatam
853 3793 898 3846 sed
909 3807 993 3845 tamen
1013 3813 1060 3864 per
1077 3813 1103 3846 se
1117 3808 1156 3846 cst
1172 3797 1250 3846 multo
1265 3801 1375 3872 magis,-

310 3887 366 3940 lero
375 3885 431 3950 ,viu
449 3899 478 3933 ee
496 3878 719 3948 interpunctione,
742 3893 821 3946 quam
853 3891 885 3936 ne
898 3886 964 3926 tecta
982 3874 1085 3943 quidem
1097 3875 1164 3926 uilia
1174 3897 1185 3936 ,ν
1197 3874 1263 3926 adeo
1279 3881 1377 3945 puhli-

310 3965 370 4016 leci.
381 3961 448 4014 Mox
462 3957 546 4008 delevi
558 3957 649 4016 etium,
666 3965 726 4023 post
736 3955 820 4004 ultro:
854 3955 1049 4007 cumconsilritm
1065 3953 1375 4022 nunquam-adiicuu.
1442 3995 1443 4004 .

311 4041 383 4118 quod
392 4049 538 4109 suspectum
555 4036 605 4088 seir
618 4035 651 4086 ab
661 4033 748 4095 initio,
761 4051 821 4085 cum
886 4035 968 4085 Mlcru
981 4035 1087 4087 Gatboe.
1099 4032 1165 4086 Bud.
1175 4035 1249 4102 jussu
1263 4037 1376 4092 Galla.

310 4125 423 4196 primum
434 4118 502 4172 hunc
512 4117 599 4170 locum
609 4117 730 4184 legerem.
740 4113 819 4181 Post,
853 4111 907 4168 Sed
916 4115 993 4168 missu
1002 4127 1030 4170 et
1042 4113 1114 4170 alibi.
1124 4111 1169 4166 Cf.
1179 4111 1237 4166 lud.
1442 4101 1443 4112 ¹
