<?xml version="1.0" encoding="UTF-8"?>
<!DOCTYPE html PUBLIC "-//W3C//DTD XHTML 1.0 Transitional//EN"
    "http://www.w3.org/TR/xhtml1/DTD/xhtml1-transitional.dtd">
<html xmlns="http://www.w3.org/1999/xhtml" xml:lang="en" lang="en">
 <head>
  <title>
</title>
<meta http-equiv="Content-Type" content="text/html;charset=utf-8" />
  <meta name='ocr-system' content='tesseract 3.04.00' />
  <meta name='ocr-capabilities' content='ocr_page ocr_carea ocr_par ocr_line ocrx_word'/>
</head>
<body>
  <div class='ocr_page' id='page_1' title='image "bibliothecaclas111lemagoog_0064.png"; bbox 0 0 2896 5000; ppageno 0'>
   <div class='ocr_carea' id='block_1_1' title="bbox 157 323 1142 478">
    <p class='ocr_par' dir='ltr' id='par_1_1' title="bbox 157 323 1142 478">
     <span class='ocr_line' id='line_1_1' title="bbox 157 323 1142 478; baseline 0.067 -67"><span class='ocrx_word' id='word_1_1' title='bbox 157 367 258 412; x_wconf 65' lang='lat' dir='ltr'><strong>ruso</strong></span> <span class='ocrx_word' id='word_1_2' title='bbox 297 323 299 330; x_wconf 17' lang='grc'><strong>,</strong></span> <span class='ocrx_word' id='word_1_3' title='bbox 506 369 680 444; x_wconf 86' lang='lat' dir='ltr'>LIBER</span> <span class='ocrx_word' id='word_1_4' title='bbox 705 371 733 442; x_wconf 91' lang='grc' dir='ltr'><strong>Ι.</strong></span> <span class='ocrx_word' id='word_1_5' title='bbox 1093 382 1142 478; x_wconf 73' lang='lat'><strong>49</strong></span> 
     </span>
    </p>
   </div>
   <div class='ocr_carea' id='block_1_2' title="bbox 116 437 1144 601">
    <p class='ocr_par' dir='ltr' id='par_1_2' title="bbox 116 437 1144 601">
     <span class='ocr_line' id='line_1_2' title="bbox 158 437 246 476; baseline -0.034 -1"><span class='ocrx_word' id='word_1_6' title='bbox 158 437 207 476; x_wconf 77' lang='lat' dir='ltr'><strong>tc.</strong></span> <span class='ocrx_word' id='word_1_7' title='bbox 229 449 246 474; x_wconf 87' lang='lat' dir='ltr'><strong>o.</strong></span> 
     </span>
     <span class='ocr_line' id='line_1_3' title="bbox 116 450 1144 601; baseline 0.008 -27"><span class='ocrx_word' id='word_1_8' title='bbox 116 525 181 599; x_wconf 86' lang='lat' dir='ltr'><strong>nes,</strong></span> <span class='ocrx_word' id='word_1_9' title='bbox 199 450 339 600; x_wconf 83' lang='lat' dir='ltr'><strong>eiquo,</strong></span> <span class='ocrx_word' id='word_1_10' title='bbox 358 497 500 601; x_wconf 84' lang='lat' dir='ltr'><strong>ignarus</strong></span> <span class='ocrx_word' id='word_1_11' title='bbox 515 499 646 598; x_wconf 88' lang='lat' dir='ltr'><strong>futuri,</strong></span> <span class='ocrx_word' id='word_1_12' title='bbox 666 519 700 575; x_wconf 86' lang='lat' dir='ltr'><strong>et</strong></span> <span class='ocrx_word' id='word_1_13' title='bbox 712 498 784 590; x_wconf 68' lang='lat' dir='ltr'><strong>sire</strong></span> <span class='ocrx_word' id='word_1_14' title='bbox 797 499 989 598; x_wconf 85' lang='lat' dir='ltr'><strong>optandum</strong></span> <span class='ocrx_word' id='word_1_15' title='bbox 1004 503 1071 579; x_wconf 91' lang='lat' dir='ltr'><strong>hoc</strong></span> <span class='ocrx_word' id='word_1_16' title='bbox 1084 535 1144 582; x_wconf 88' lang='lat' dir='ltr'><strong>no·</strong></span> 
     </span>
    </p>
   </div>
   <div class='ocr_carea' id='block_1_3' title="bbox 96 611 1157 2436">
    <p class='ocr_par' dir='ltr' id='par_1_3' title="bbox 102 611 1156 1856">
     <span class='ocr_line' id='line_1_4' title="bbox 116 611 1143 724; baseline 0.008 -36"><span class='ocrx_word' id='word_1_17' title='bbox 116 641 199 713; x_wconf 77' lang='lat' dir='ltr'><strong>men,</strong></span> <span class='ocrx_word' id='word_1_18' title='bbox 220 613 288 690; x_wconf 82' lang='lat' dir='ltr'><strong>sive</strong></span> <span class='ocrx_word' id='word_1_19' title='bbox 307 611 503 686; x_wconf 89' lang='lat' dir='ltr'><strong>timendum</strong></span> <span class='ocrx_word' id='word_1_20' title='bbox 524 632 616 710; x_wconf 79' lang='lat' dir='ltr'><strong>erat,</strong></span> <span class='ocrx_word' id='word_1_21' title='bbox 645 611 761 686; x_wconf 83' lang='lat' dir='ltr'><strong>Caesar</strong></span> <span class='ocrx_word' id='word_1_22' title='bbox 780 613 930 688; x_wconf 86' lang='lat' dir='ltr'><strong>adscitus</strong></span> <span class='ocrx_word' id='word_1_23' title='bbox 953 643 1041 694; x_wconf 89' lang='lat' dir='ltr'><strong>sum.</strong></span> <span class='ocrx_word' id='word_1_24' title='bbox 1059 624 1143 724; x_wconf 87' lang='lat' dir='ltr'><strong>Quo</strong></span> 
     </span>
     <span class='ocr_line' id='line_1_5' title="bbox 113 726 1145 838; baseline 0.008 -34"><span class='ocrx_word' id='word_1_25' title='bbox 113 728 219 804; x_wconf 91' lang='lat' dir='ltr'><strong>domus</strong></span> <span class='ocrx_word' id='word_1_26' title='bbox 233 747 356 800; x_wconf 84' lang='lat' dir='ltr'><strong>nostrae</strong></span> <span class='ocrx_word' id='word_1_27' title='bbox 370 747 430 800; x_wconf 88' lang='lat' dir='ltr'><strong>aut</strong></span> <span class='ocrx_word' id='word_1_28' title='bbox 440 726 640 828; x_wconf 75' lang='lat' dir='ltr'><strong>reipublice</strong></span> <span class='ocrx_word' id='word_1_29' title='bbox 657 728 769 800; x_wconf 87' lang='lat' dir='ltr'><strong>fatum</strong></span> <span class='ocrx_word' id='word_1_30' title='bbox 786 727 822 800; x_wconf 90' lang='lat' dir='ltr'><strong>in</strong></span> <span class='ocrx_word' id='word_1_31' title='bbox 839 749 949 804; x_wconf 84' lang='lat' dir='ltr'><strong>vestra</strong></span> <span class='ocrx_word' id='word_1_32' title='bbox 965 759 1070 808; x_wconf 90' lang='lat' dir='ltr'><strong>manu</strong></span> <span class='ocrx_word' id='word_1_33' title='bbox 1083 765 1145 838; x_wconf 85' lang='lat' dir='ltr'><strong>po-</strong></span> 
     </span>
     <span class='ocr_line' id='line_1_6' title="bbox 113 841 1147 943; baseline 0.016 -31"><span class='ocrx_word' id='word_1_34' title='bbox 113 841 204 918; x_wconf 89' lang='lat' dir='ltr'><strong>situm</strong></span> <span class='ocrx_word' id='word_1_35' title='bbox 222 857 271 918; x_wconf 88' lang='lat' dir='ltr'><strong>est</strong></span> <span class='ocrx_word' id='word_1_36' title='bbox 278 871 289 933; x_wconf 83' lang='lat'>3</span> <span class='ocrx_word' id='word_1_37' title='bbox 320 869 413 940; x_wconf 85' lang='lat' dir='ltr'><strong>non,</strong></span> <span class='ocrx_word' id='word_1_38' title='bbox 438 843 521 943; x_wconf 87' lang='lat' dir='ltr'><strong>quia</strong></span> <span class='ocrx_word' id='word_1_39' title='bbox 546 868 624 916; x_wconf 91' lang='lat' dir='ltr'><strong>meo</strong></span> <span class='ocrx_word' id='word_1_40' title='bbox 649 842 790 916; x_wconf 90' lang='lat' dir='ltr'><strong>nomine</strong></span> <span class='ocrx_word' id='word_1_41' title='bbox 816 843 1004 922; x_wconf 86' lang='lat' dir='ltr'><strong>tristiorem</strong></span> <span class='ocrx_word' id='word_1_42' title='bbox 1028 877 1147 930; x_wconf 89' lang='lat' dir='ltr'><strong>casum</strong></span> 
     </span>
     <span class='ocr_line' id='line_1_7' title="bbox 112 957 1148 1058; baseline 0.007 -24"><span class='ocrx_word' id='word_1_43' title='bbox 112 985 235 1057; x_wconf 80' lang='lat' dir='ltr'><strong>paveam</strong></span> <span class='ocrx_word' id='word_1_44' title='bbox 253 958 314 1056; x_wconf 86' lang='lat' dir='ltr'><strong>(ut</strong></span> <span class='ocrx_word' id='word_1_45' title='bbox 335 957 416 1058; x_wconf 87' lang='lat' dir='ltr'><strong>qui,</strong></span> <span class='ocrx_word' id='word_1_46' title='bbox 440 957 597 1032; x_wconf 81' lang='lat' dir='ltr'><strong>adversas</strong></span> <span class='ocrx_word' id='word_1_47' title='bbox 619 983 672 1030; x_wconf 91' lang='lat' dir='ltr'><strong>res</strong></span> <span class='ocrx_word' id='word_1_48' title='bbox 692 975 871 1056; x_wconf 85' lang='lat' dir='ltr'><strong>expertus,</strong></span> <span class='ocrx_word' id='word_1_49' title='bbox 893 986 975 1034; x_wconf 88' lang='lat' dir='ltr'><strong>cum</strong></span> <span class='ocrx_word' id='word_1_50' title='bbox 997 967 1148 1045; x_wconf 84' lang='lat' dir='ltr'><strong>maxime</strong></span> 
     </span>
     <span class='ocr_line' id='line_1_8' title="bbox 109 1070 1149 1180; baseline 0.008 -32"><span class='ocrx_word' id='word_1_51' title='bbox 109 1073 235 1170; x_wconf 79' lang='lat' dir='ltr'><strong>discam,</strong></span> <span class='ocrx_word' id='word_1_52' title='bbox 249 1101 293 1150; x_wconf 88' lang='lat' dir='ltr'><strong>ne</strong></span> <span class='ocrx_word' id='word_1_53' title='bbox 306 1073 469 1148; x_wconf 88' lang='lat' dir='ltr'><strong>secundas</strong></span> <span class='ocrx_word' id='word_1_54' title='bbox 481 1072 624 1173; x_wconf 90' lang='lat' dir='ltr'><strong>quidem</strong></span> <span class='ocrx_word' id='word_1_55' title='bbox 634 1072 751 1144; x_wconf 90' lang='lat' dir='ltr'><strong>minus</strong></span> <span class='ocrx_word' id='word_1_56' title='bbox 761 1070 971 1148; x_wconf 88' lang='lat' dir='ltr'><strong>discriminis</strong></span> <span class='ocrx_word' id='word_1_57' title='bbox 981 1074 1149 1180; x_wconf 85' lang='lat' dir='ltr'><strong>habere);</strong></span> 
     </span>
     <span class='ocr_line' id='line_1_9' title="bbox 109 1183 1150 1292; baseline 0.009 -31"><span class='ocrx_word' id='word_1_58' title='bbox 109 1187 221 1286; x_wconf 87' lang='lat' dir='ltr'><strong>patris,</strong></span> <span class='ocrx_word' id='word_1_59' title='bbox 232 1203 269 1262; x_wconf 87' lang='lat' dir='ltr'><strong>ot</strong></span> <span class='ocrx_word' id='word_1_60' title='bbox 284 1206 442 1284; x_wconf 77' lang='lat' dir='ltr'><strong>senatus,</strong></span> <span class='ocrx_word' id='word_1_61' title='bbox 461 1207 495 1260; x_wconf 89' lang='lat' dir='ltr'><strong>et</strong></span> <span class='ocrx_word' id='word_1_62' title='bbox 511 1185 619 1286; x_wconf 90' lang='lat' dir='ltr'><strong>ipsius</strong></span> <span class='ocrx_word' id='word_1_63' title='bbox 633 1183 771 1285; x_wconf 89' lang='lat' dir='ltr'><strong>imperii</strong></span> <span class='ocrx_word' id='word_1_64' title='bbox 782 1184 894 1260; x_wconf 75' lang='lat' dir='ltr'><strong>ricem</strong></span> <span class='ocrx_word' id='word_1_65' title='bbox 909 1188 1031 1292; x_wconf 86' lang='lat' dir='ltr'><strong>doleo,</strong></span> <span class='ocrx_word' id='word_1_66' title='bbox 1049 1195 1078 1267; x_wconf 95' lang='lat' dir='ltr'><strong>si</strong></span> <span class='ocrx_word' id='word_1_67' title='bbox 1089 1223 1150 1270; x_wconf 88' lang='lat' dir='ltr'><strong>no-</strong></span> 
     </span>
     <span class='ocr_line' id='line_1_10' title="bbox 107 1299 1150 1410; baseline 0.012 -37"><span class='ocrx_word' id='word_1_68' title='bbox 107 1301 154 1373; x_wconf 92' lang='lat' dir='ltr'><strong>bis</strong></span> <span class='ocrx_word' id='word_1_69' title='bbox 169 1322 225 1376; x_wconf 86' lang='lat' dir='ltr'><strong>aut</strong></span> <span class='ocrx_word' id='word_1_70' title='bbox 240 1304 352 1402; x_wconf 87' lang='lat' dir='ltr'><strong>perire</strong></span> <span class='ocrx_word' id='word_1_71' title='bbox 369 1299 473 1373; x_wconf 91' lang='lat' dir='ltr'><strong>hodie</strong></span> <span class='ocrx_word' id='word_1_72' title='bbox 490 1325 625 1372; x_wconf 88' lang='lat' dir='ltr'><strong>necesse</strong></span> <span class='ocrx_word' id='word_1_73' title='bbox 638 1313 708 1395; x_wconf 81' lang='lat' dir='ltr'><strong>est,</strong></span> <span class='ocrx_word' id='word_1_74' title='bbox 726 1318 805 1398; x_wconf 82' lang='lat' dir='ltr'><strong>aut,</strong></span> <span class='ocrx_word' id='word_1_75' title='bbox 828 1301 923 1400; x_wconf 91' lang='lat' dir='ltr'><strong>quod</strong></span> <span class='ocrx_word' id='word_1_76' title='bbox 941 1330 1039 1405; x_wconf 82' lang='lat' dir='ltr'><strong>acque</strong></span> <span class='ocrx_word' id='word_1_77' title='bbox 1056 1313 1150 1410; x_wconf 88' lang='lat' dir='ltr'><strong>apud</strong></span> 
     </span>
     <span class='ocr_line' id='line_1_11' title="bbox 105 1411 1150 1514; baseline 0.01 -26"><span class='ocrx_word' id='word_1_78' title='bbox 105 1414 205 1488; x_wconf 87' lang='lat' dir='ltr'><strong>bonos</strong></span> <span class='ocrx_word' id='word_1_79' title='bbox 219 1418 385 1488; x_wconf 87' lang='lat' dir='ltr'><strong>miserum</strong></span> <span class='ocrx_word' id='word_1_80' title='bbox 403 1433 471 1502; x_wconf 84' lang='lat' dir='ltr'><strong>est,</strong></span> <span class='ocrx_word' id='word_1_81' title='bbox 493 1411 657 1486; x_wconf 87' lang='lat' dir='ltr'><strong>occidere.</strong></span> <span class='ocrx_word' id='word_1_82' title='bbox 679 1411 851 1488; x_wconf 90' lang='lat' dir='ltr'><strong>Solatium</strong></span> <span class='ocrx_word' id='word_1_83' title='bbox 870 1417 1021 1514; x_wconf 86' lang='lat' dir='ltr'><strong>proximi</strong></span> <span class='ocrx_word' id='word_1_84' title='bbox 1035 1445 1150 1502; x_wconf 85' lang='lat' dir='ltr'><strong>motus</strong></span> 
     </span>
     <span class='ocr_line' id='line_1_12' title="bbox 104 1525 1152 1614; baseline 0.009 -10"><span class='ocrx_word' id='word_1_85' title='bbox 104 1527 305 1604; x_wconf 80' lang='lat' dir='ltr'><strong>habebamus</strong></span> <span class='ocrx_word' id='word_1_86' title='bbox 314 1529 530 1602; x_wconf 87' lang='lat' dir='ltr'><strong>incruentam</strong></span> <span class='ocrx_word' id='word_1_87' title='bbox 537 1525 671 1614; x_wconf 75' lang='lat' dir='ltr'><strong>mbem,</strong></span> <span class='ocrx_word' id='word_1_88' title='bbox 678 1541 713 1600; x_wconf 93' lang='lat' dir='ltr'><strong>et</strong></span> <span class='ocrx_word' id='word_1_89' title='bbox 722 1553 774 1600; x_wconf 87' lang='lat' dir='ltr'><strong>res</strong></span> <span class='ocrx_word' id='word_1_90' title='bbox 784 1528 1035 1607; x_wconf 90' lang='lat' dir='ltr'><strong>sinediscordia</strong></span> <span class='ocrx_word' id='word_1_91' title='bbox 1043 1556 1152 1614; x_wconf 80' lang='lat' dir='ltr'><strong>trans-</strong></span> 
     </span>
     <span class='ocr_line' id='line_1_13' title="bbox 102 1639 1151 1746; baseline 0.016 -32"><span class='ocrx_word' id='word_1_92' title='bbox 102 1641 190 1718; x_wconf 85' lang='lat' dir='ltr'><strong>latas.</strong></span> <span class='ocrx_word' id='word_1_93' title='bbox 199 1645 383 1719; x_wconf 82' lang='lat' dir='ltr'><strong>Provisum</strong></span> <span class='ocrx_word' id='word_1_94' title='bbox 395 1640 581 1740; x_wconf 87' lang='lat' dir='ltr'><strong>adoptione</strong></span> <span class='ocrx_word' id='word_1_95' title='bbox 587 1639 769 1716; x_wconf 83' lang='lat' dir='ltr'><strong>videbatur</strong></span> <span class='ocrx_word' id='word_1_96' title='bbox 777 1697 788 1732; x_wconf 86' lang='lat'>‚</span> <span class='ocrx_word' id='word_1_97' title='bbox 796 1663 837 1716; x_wconf 91' lang='lat' dir='ltr'><strong>ut</strong></span> <span class='ocrx_word' id='word_1_98' title='bbox 849 1671 893 1720; x_wconf 90' lang='lat' dir='ltr'><strong>ne</strong></span> <span class='ocrx_word' id='word_1_99' title='bbox 903 1668 982 1746; x_wconf 92' lang='lat' dir='ltr'><strong>post</strong></span> <span class='ocrx_word' id='word_1_100' title='bbox 996 1650 1151 1731; x_wconf 84' lang='lat' dir='ltr'><strong>Galbam</strong></span> 
     </span>
     <span class='ocr_line' id='line_1_14' title="bbox 103 1756 568 1856; baseline -0.006 -28"><span class='ocrx_word' id='word_1_101' title='bbox 103 1756 236 1856; x_wconf 89' lang='lat' dir='ltr'><strong>quidem</strong></span> <span class='ocrx_word' id='word_1_102' title='bbox 248 1758 345 1832; x_wconf 92' lang='lat' dir='ltr'><strong>bello</strong></span> <span class='ocrx_word' id='word_1_103' title='bbox 358 1757 455 1830; x_wconf 89' lang='lat' dir='ltr'><strong>locus</strong></span> <span class='ocrx_word' id='word_1_104' title='bbox 472 1773 568 1828; x_wconf 90' lang='lat' dir='ltr'><strong>esset.</strong></span> 
     </span>
    </p>

    <p class='ocr_par' dir='ltr' id='par_1_4' title="bbox 96 1867 1157 2436">
     <span class='ocr_line' id='line_1_15' title="bbox 144 1867 1151 1976; baseline 0.011 -30"><span class='ocrx_word' id='word_1_105' title='bbox 144 1875 266 1948; x_wconf 85' lang='lat' dir='ltr'><strong>XXX.</strong></span> <span class='ocrx_word' id='word_1_106' title='bbox 280 1871 408 1948; x_wconf 83' lang='lat' dir='ltr'><strong>«Nihil</strong></span> <span class='ocrx_word' id='word_1_107' title='bbox 415 1869 584 1971; x_wconf 86' lang='lat' dir='ltr'><strong>arrogabo</strong></span> <span class='ocrx_word' id='word_1_108' title='bbox 592 1867 680 1942; x_wconf 90' lang='lat' dir='ltr'><strong>mihi</strong></span> <span class='ocrx_word' id='word_1_109' title='bbox 689 1870 879 1945; x_wconf 86' lang='lat' dir='ltr'><strong>nobilitatis</strong></span> <span class='ocrx_word' id='word_1_110' title='bbox 887 1895 947 1950; x_wconf 89' lang='lat' dir='ltr'><strong>aut</strong></span> <span class='ocrx_word' id='word_1_111' title='bbox 955 1880 1151 1976; x_wconf 79' lang='lat' dir='ltr'><strong>modestiae5</strong></span> 
     </span>
     <span class='ocr_line' id='line_1_16' title="bbox 99 1983 1154 2087; baseline 0.017 -31"><span class='ocrx_word' id='word_1_112' title='bbox 99 2011 203 2087; x_wconf 85' lang='lat' dir='ltr'><strong>aeque</strong></span> <span class='ocrx_word' id='word_1_113' title='bbox 224 1989 325 2064; x_wconf 88' lang='lat' dir='ltr'><strong>enim</strong></span> <span class='ocrx_word' id='word_1_114' title='bbox 349 1987 459 2060; x_wconf 90' lang='lat' dir='ltr'><strong>relatu</strong></span> <span class='ocrx_word' id='word_1_115' title='bbox 477 1985 650 2060; x_wconf 85' lang='lat' dir='ltr'><strong>virtutum</strong></span> <span class='ocrx_word' id='word_1_116' title='bbox 669 1983 706 2057; x_wconf 91' lang='lat' dir='ltr'><strong>in</strong></span> <span class='ocrx_word' id='word_1_117' title='bbox 729 1991 984 2086; x_wconf 88' lang='lat' dir='ltr'><strong>comparatione</strong></span> <span class='ocrx_word' id='word_1_118' title='bbox 1003 1995 1154 2072; x_wconf 90' lang='lat' dir='ltr'><strong>Othonis</strong></span> 
     </span>
     <span class='ocr_line' id='line_1_17' title="bbox 99 2097 1155 2212; baseline 0.01 -38"><span class='ocrx_word' id='word_1_119' title='bbox 99 2126 180 2199; x_wconf 89' lang='lat' dir='ltr'><strong>opus</strong></span> <span class='ocrx_word' id='word_1_120' title='bbox 195 2123 259 2178; x_wconf 90' lang='lat' dir='ltr'><strong>est.</strong></span> <span class='ocrx_word' id='word_1_121' title='bbox 285 2101 406 2198; x_wconf 83' lang='lat' dir='ltr'><strong>Vitia,</strong></span> <span class='ocrx_word' id='word_1_122' title='bbox 426 2099 554 2200; x_wconf 84' lang='lat' dir='ltr'><strong>quibus</strong></span> <span class='ocrx_word' id='word_1_123' title='bbox 576 2097 657 2172; x_wconf 91' lang='lat' dir='ltr'><strong>solis</strong></span> <span class='ocrx_word' id='word_1_124' title='bbox 675 2099 863 2201; x_wconf 83' lang='lat' dir='ltr'><strong>gloriatur,</strong></span> <span class='ocrx_word' id='word_1_125' title='bbox 884 2121 1034 2183; x_wconf 86' lang='lat' dir='ltr'><strong>evertere</strong></span> <span class='ocrx_word' id='word_1_126' title='bbox 1047 2109 1155 2212; x_wconf 88' lang='lat' dir='ltr'><strong>impe·</strong></span> 
     </span>
     <span class='ocr_line' id='line_1_18' title="bbox 96 2213 1155 2318; baseline 0.014 -31"><span class='ocrx_word' id='word_1_127' title='bbox 96 2215 202 2316; x_wconf 80' lang='lat' dir='ltr'><strong>rium,</strong></span> <span class='ocrx_word' id='word_1_128' title='bbox 218 2218 426 2292; x_wconf 82' lang='lat' dir='ltr'><strong>etiamtum</strong></span> <span class='ocrx_word' id='word_1_129' title='bbox 442 2214 594 2288; x_wconf 90' lang='lat' dir='ltr'><strong>amicum</strong></span> <span class='ocrx_word' id='word_1_130' title='bbox 605 2213 824 2312; x_wconf 88' lang='lat' dir='ltr'><strong>imperatoris</strong></span> <span class='ocrx_word' id='word_1_131' title='bbox 836 2239 962 2318; x_wconf 84' lang='lat' dir='ltr'><strong>ageret.</strong></span> <span class='ocrx_word' id='word_1_132' title='bbox 973 2225 1155 2303; x_wconf 88' lang='lat' dir='ltr'><strong>Habituue</strong></span> 
     </span>
     <span class='ocr_line' id='line_1_19' title="bbox 97 2326 1157 2436; baseline 0.01 -32"><span class='ocrx_word' id='word_1_133' title='bbox 97 2349 128 2404; x_wconf 89' lang='lat' dir='ltr'><strong>et</strong></span> <span class='ocrx_word' id='word_1_134' title='bbox 140 2330 349 2432; x_wconf 81' lang='lat' dir='ltr'><strong>incessu‚an</strong></span> <span class='ocrx_word' id='word_1_135' title='bbox 360 2330 423 2406; x_wconf 90' lang='lat' dir='ltr'><strong>illo</strong></span> <span class='ocrx_word' id='word_1_136' title='bbox 434 2326 597 2404; x_wconf 88' lang='lat' dir='ltr'><strong>muliebri</strong></span> <span class='ocrx_word' id='word_1_137' title='bbox 609 2346 735 2400; x_wconf 87' lang='lat' dir='ltr'><strong>ornatu</strong></span> <span class='ocrx_word' id='word_1_138' title='bbox 743 2334 1157 2436; x_wconf 79' lang='lat' dir='ltr'><strong>merereturimperiumi’</strong></span> 
     </span>
    </p>
   </div>
   <div class='ocr_carea' id='block_1_4' title="bbox 124 2511 898 2562">
    <p class='ocr_par' dir='ltr' id='par_1_5' title="bbox 124 2511 898 2562">
     <span class='ocr_line' id='line_1_20' title="bbox 124 2511 898 2562; baseline 0.003 -8"><span class='ocrx_word' id='word_1_139' title='bbox 124 2517 159 2562; x_wconf 77' lang='lat'><strong>³8.</strong></span> <span class='ocrx_word' id='word_1_140' title='bbox 173 2515 234 2559; x_wconf 87' lang='lat' dir='ltr'><strong>Cum</strong></span> <span class='ocrx_word' id='word_1_141' title='bbox 245 2515 355 2558; x_wconf 71' lang='lat' dir='ltr'><strong>maxine</strong></span> <span class='ocrx_word' id='word_1_142' title='bbox 365 2511 458 2558; x_wconf 80' lang='lat' dir='ltr'><strong>ducam.</strong></span> <span class='ocrx_word' id='word_1_143' title='bbox 469 2513 536 2554; x_wconf 78' lang='lat' dir='ltr'><strong>Forte</strong></span> <span class='ocrx_word' id='word_1_144' title='bbox 546 2517 620 2554; x_wconf 82' lang='lat' dir='ltr'><strong>certus</strong></span> <span class='ocrx_word' id='word_1_145' title='bbox 629 2521 683 2553; x_wconf 86' lang='lat' dir='ltr'><strong>cum</strong></span> <span class='ocrx_word' id='word_1_146' title='bbox 691 2512 796 2554; x_wconf 74' lang='lat' dir='ltr'><strong>mxime</strong></span> <span class='ocrx_word' id='word_1_147' title='bbox 807 2511 898 2556; x_wconf 62' lang='lat' dir='ltr'><strong>neam.</strong></span> 
     </span>
    </p>
   </div>
   <div class='ocr_carea' id='block_1_5' title="bbox 72 2643 1163 4132">
    <p class='ocr_par' dir='ltr' id='par_1_6' title="bbox 82 2643 1158 3192">
     <span class='ocr_line' id='line_1_21' title="bbox 123 2643 1154 2720; baseline 0.006 -17"><span class='ocrx_word' id='word_1_148' title='bbox 123 2649 291 2719; x_wconf 58' lang='grc' dir='ltr'><strong>λείψω.</strong></span> <span class='ocrx_word' id='word_1_149' title='bbox 301 2648 438 2702; x_wconf 70' lang='lat' dir='ltr'><strong>lustror.</strong></span> <span class='ocrx_word' id='word_1_150' title='bbox 448 2647 513 2716; x_wconf 80' lang='lat' dir='ltr'><strong>Agr.</strong></span> <span class='ocrx_word' id='word_1_151' title='bbox 524 2643 613 2713; x_wconf 86' lang='lat' dir='ltr'><strong>(Bud.)</strong></span> <span class='ocrx_word' id='word_1_152' title='bbox 647 2643 680 2696; x_wconf 78' lang='lat' dir='ltr'><strong>ad</strong></span> <span class='ocrx_word' id='word_1_153' title='bbox 695 2663 804 2716; x_wconf 85' lang='lat' dir='ltr'><strong>sequeus</strong></span> <span class='ocrx_word' id='word_1_154' title='bbox 813 2645 927 2712; x_wconf 88' lang='lat' dir='ltr'><strong>discam,</strong></span> <span class='ocrx_word' id='word_1_155' title='bbox 940 2651 1036 2720; x_wconf 86' lang='lat' dir='ltr'><strong>quode</strong></span> <span class='ocrx_word' id='word_1_156' title='bbox 1050 2673 1154 2708; x_wconf 88' lang='lat' dir='ltr'><strong>correc-</strong></span> 
     </span>
     <span class='ocr_line' id='line_1_22' title="bbox 82 2723 1156 2801; baseline 0.01 -24"><span class='ocrx_word' id='word_1_157' title='bbox 82 2725 191 2792; x_wconf 73' lang='lat' dir='ltr'><strong>jiztum:</strong></span> <span class='ocrx_word' id='word_1_158' title='bbox 203 2731 288 2780; x_wconf 84' lang='lat' dir='ltr'><strong>etiam</strong></span> <span class='ocrx_word' id='word_1_159' title='bbox 300 2725 391 2779; x_wconf 81' lang='lat' dir='ltr'><strong>Guelf.</strong></span> <span class='ocrx_word' id='word_1_160' title='bbox 403 2723 553 2777; x_wconf 82' lang='lat' dir='ltr'><strong>sedamanu</strong></span> <span class='ocrx_word' id='word_1_161' title='bbox 563 2739 613 2774; x_wconf 84' lang='lat' dir='ltr'><strong>sec.</strong></span> <span class='ocrx_word' id='word_1_162' title='bbox 647 2727 717 2776; x_wconf 89' lang='lat' dir='ltr'><strong>tione</strong></span> <span class='ocrx_word' id='word_1_163' title='bbox 732 2725 753 2776; x_wconf 84' lang='lat' dir='ltr'>F</span> <span class='ocrx_word' id='word_1_164' title='bbox 754 2726 900 2780; x_wconf 79' lang='lat' dir='ltr'><strong>reinchemii</strong></span> <span class='ocrx_word' id='word_1_165' title='bbox 912 2733 1063 2801; x_wconf 80' lang='lat' dir='ltr'><strong>recepimus.</strong></span> <span class='ocrx_word' id='word_1_166' title='bbox 1075 2733 1156 2790; x_wconf 83' lang='lat' dir='ltr'><strong>MSS.</strong></span> 
     </span>
     <span class='ocr_line' id='line_1_23' title="bbox 91 2799 1157 2882; baseline 0.014 -31"><span class='ocrx_word' id='word_1_167' title='bbox 91 2804 131 2856; x_wconf 87' lang='lat' dir='ltr'><strong>ed.</strong></span> <span class='ocrx_word' id='word_1_168' title='bbox 151 2826 194 2875; x_wconf 89' lang='lat' dir='ltr'><strong>pr.</strong></span> <span class='ocrx_word' id='word_1_169' title='bbox 211 2808 284 2856; x_wconf 80' lang='lat' dir='ltr'><strong>Fuso</strong></span> <span class='ocrx_word' id='word_1_170' title='bbox 301 2821 394 2855; x_wconf 77' lang='lat' dir='ltr'><strong>verum</strong></span> <span class='ocrx_word' id='word_1_171' title='bbox 409 2819 462 2854; x_wconf 80' lang='lat' dir='ltr'><strong>etse</strong></span> <span class='ocrx_word' id='word_1_172' title='bbox 479 2799 615 2852; x_wconf 78' lang='lat' dir='ltr'><strong>latinitatis</strong></span> <span class='ocrx_word' id='word_1_173' title='bbox 648 2801 719 2854; x_wconf 85' lang='lat' dir='ltr'><strong>Flor.</strong></span> <span class='ocrx_word' id='word_1_174' title='bbox 739 2801 838 2872; x_wconf 82' lang='lat' dir='ltr'><strong>(Bud.)</strong></span> <span class='ocrx_word' id='word_1_175' title='bbox 855 2804 945 2857; x_wconf 78' lang='lat' dir='ltr'><strong>Guelf.</strong></span> <span class='ocrx_word' id='word_1_176' title='bbox 961 2811 1028 2878; x_wconf 83' lang='lat' dir='ltr'><strong>Agr.</strong></span> <span class='ocrx_word' id='word_1_177' title='bbox 1041 2810 1099 2862; x_wconf 83' lang='lat' dir='ltr'><strong>edd.</strong></span> <span class='ocrx_word' id='word_1_178' title='bbox 1115 2832 1157 2882; x_wconf 86' lang='lat' dir='ltr'><strong>pr.</strong></span> 
     </span>
     <span class='ocr_line' id='line_1_24' title="bbox 90 2877 1158 2952; baseline 0.017 -26"><span class='ocrx_word' id='word_1_179' title='bbox 90 2885 157 2936; x_wconf 68' lang='lat' dir='ltr'><strong>mio</strong></span> <span class='ocrx_word' id='word_1_180' title='bbox 170 2884 288 2936; x_wconf 76' lang='lat' dir='ltr'><strong>indicat.</strong></span> <span class='ocrx_word' id='word_1_181' title='bbox 301 2882 372 2934; x_wconf 81' lang='lat' dir='ltr'><strong>Ean.</strong></span> <span class='ocrx_word' id='word_1_182' title='bbox 383 2881 528 2934; x_wconf 75' lang='lat' dir='ltr'><strong>Contentus</strong></span> <span class='ocrx_word' id='word_1_183' title='bbox 542 2877 615 2931; x_wconf 89' lang='lat' dir='ltr'><strong>codi-</strong></span> <span class='ocrx_word' id='word_1_184' title='bbox 648 2896 706 2950; x_wconf 80' lang='lat' dir='ltr'><strong>sqq.</strong></span> <span class='ocrx_word' id='word_1_185' title='bbox 726 2877 824 2942; x_wconf 83' lang='lat' dir='ltr'><strong>dicam,</strong></span> <span class='ocrx_word' id='word_1_186' title='bbox 843 2899 857 2932; x_wconf 90' lang='lat' dir='ltr'><strong>e</strong></span> <span class='ocrx_word' id='word_1_187' title='bbox 875 2900 927 2952; x_wconf 91' lang='lat' dir='ltr'><strong>quo</strong></span> <span class='ocrx_word' id='word_1_188' title='bbox 945 2887 1011 2937; x_wconf 84' lang='lat' dir='ltr'><strong>male</strong></span> <span class='ocrx_word' id='word_1_189' title='bbox 1028 2888 1158 2943; x_wconf 76' lang='lat' dir='ltr'><strong>factumn</strong></span> 
     </span>
     <span class='ocr_line' id='line_1_25' title="bbox 87 2957 1158 3040; baseline 0.021 -38"><span class='ocrx_word' id='word_1_190' title='bbox 87 2980 146 3012; x_wconf 69' lang='lat' dir='ltr'><strong>cum</strong></span> <span class='ocrx_word' id='word_1_191' title='bbox 163 2960 246 3031; x_wconf 74' lang='lat' dir='ltr'><strong>juber</strong></span> <span class='ocrx_word' id='word_1_192' title='bbox 258 2960 354 3029; x_wconf 86' lang='lat' dir='ltr'><strong>reponi</strong></span> <span class='ocrx_word' id='word_1_193' title='bbox 363 2960 466 3028; x_wconf 74' lang='lat' dir='ltr'><strong>flatum,</strong></span> <span class='ocrx_word' id='word_1_194' title='bbox 484 2970 514 3008; x_wconf 88' lang='lat' dir='ltr'><strong>ut</strong></span> <span class='ocrx_word' id='word_1_195' title='bbox 530 2958 614 3008; x_wconf 84' lang='lat' dir='ltr'><strong>secere</strong></span> <span class='ocrx_word' id='word_1_196' title='bbox 648 2957 771 3012; x_wconf 83' lang='lat' dir='ltr'><strong>Rhenano</strong></span> <span class='ocrx_word' id='word_1_197' title='bbox 780 2957 884 3025; x_wconf 58' lang='lat' dir='ltr'><strong>ducam</strong></span> <span class='ocrx_word' id='word_1_198' title='bbox 895 2975 921 3014; x_wconf 86' lang='lat' dir='ltr'><strong>os</strong></span> <span class='ocrx_word' id='word_1_199' title='bbox 929 2965 1033 3034; x_wconf 79' lang='lat' dir='ltr'><strong>quidem</strong></span> <span class='ocrx_word' id='word_1_200' title='bbox 1044 2985 1075 3020; x_wconf 83' lang='lat' dir='ltr'><strong>ex</strong></span> <span class='ocrx_word' id='word_1_201' title='bbox 1085 2970 1158 3040; x_wconf 82' lang='lat' dir='ltr'><strong>inge-</strong></span> 
     </span>
     <span class='ocr_line' id='line_1_26' title="bbox 88 3035 1158 3114; baseline 0.013 -25"><span class='ocrx_word' id='word_1_202' title='bbox 88 3037 146 3108; x_wconf 80' lang='lat' dir='ltr'><strong>Bip.</strong></span> <span class='ocrx_word' id='word_1_203' title='bbox 158 3039 235 3090; x_wconf 91' lang='lat' dir='ltr'><strong>bono</strong></span> <span class='ocrx_word' id='word_1_204' title='bbox 244 3054 341 3099; x_wconf 81' lang='lat' dir='ltr'><strong>sensu,</strong></span> <span class='ocrx_word' id='word_1_205' title='bbox 353 3039 374 3088; x_wconf 84' lang='lat' dir='ltr'><strong>si</strong></span> <span class='ocrx_word' id='word_1_206' title='bbox 385 3035 551 3088; x_wconf 84' lang='lat' dir='ltr'><strong>distinctione</strong></span> <span class='ocrx_word' id='word_1_207' title='bbox 561 3046 616 3085; x_wconf 84' lang='lat' dir='ltr'><strong>tex·</strong></span> <span class='ocrx_word' id='word_1_208' title='bbox 648 3040 691 3090; x_wconf 90' lang='lat' dir='ltr'><strong>nio</strong></span> <span class='ocrx_word' id='word_1_209' title='bbox 700 3059 706 3088; x_wconf 96' lang='lat'><strong>:</strong></span> <span class='ocrx_word' id='word_1_210' title='bbox 715 3040 757 3092; x_wconf 90' lang='lat' dir='ltr'><strong>cui</strong></span> <span class='ocrx_word' id='word_1_211' title='bbox 768 3055 814 3091; x_wconf 88' lang='lat' dir='ltr'><strong>cur</strong></span> <span class='ocrx_word' id='word_1_212' title='bbox 824 3059 876 3092; x_wconf 87' lang='lat' dir='ltr'><strong>nou</strong></span> <span class='ocrx_word' id='word_1_213' title='bbox 885 3043 1036 3110; x_wconf 75' lang='lat' dir='ltr'><strong>praeferatur</strong></span> <span class='ocrx_word' id='word_1_214' title='bbox 1043 3046 1158 3114; x_wconf 79' lang='lat' dir='ltr'><strong>discam,</strong></span> 
     </span>
     <span class='ocr_line' id='line_1_27' title="bbox 87 3114 1157 3192; baseline 0.013 -26"><span class='ocrx_word' id='word_1_215' title='bbox 87 3129 126 3170; x_wconf 89' lang='lat' dir='ltr'><strong>tus</strong></span> <span class='ocrx_word' id='word_1_216' title='bbox 130 3118 259 3188; x_wconf 81' lang='lat' dir='ltr'><strong>juvetur.</strong></span> <span class='ocrx_word' id='word_1_217' title='bbox 269 3114 356 3183; x_wconf 80' lang='lat' dir='ltr'><strong>nyct.</strong></span> <span class='ocrx_word' id='word_1_218' title='bbox 360 3115 427 3182; x_wconf 84' lang='lat' dir='ltr'><strong>saco</strong></span> <span class='ocrx_word' id='word_1_219' title='bbox 436 3114 549 3186; x_wconf 80' lang='lat' dir='ltr'><strong>praefert.</strong></span> <span class='ocrx_word' id='word_1_220' title='bbox 649 3118 719 3190; x_wconf 79' lang='lat' dir='ltr'><strong>quod</strong></span> <span class='ocrx_word' id='word_1_221' title='bbox 741 3117 770 3170; x_wconf 70' lang='lat' dir='ltr'><strong>eb</strong></span> <span class='ocrx_word' id='word_1_222' title='bbox 786 3133 906 3188; x_wconf 75' lang='lat' dir='ltr'><strong>expertus</strong></span> <span class='ocrx_word' id='word_1_223' title='bbox 926 3123 1002 3192; x_wconf 82' lang='lat' dir='ltr'><strong>plane</strong></span> <span class='ocrx_word' id='word_1_224' title='bbox 1019 3125 1157 3182; x_wconf 85' lang='lat' dir='ltr'><strong>desiderat.</strong></span> 
     </span>
    </p>

    <p class='ocr_par' dir='ltr' id='par_1_7' title="bbox 72 3191 1163 4132">
     <span class='ocr_line' id='line_1_28' title="bbox 120 3191 1161 3272; baseline 0.019 -33"><span class='ocrx_word' id='word_1_225' title='bbox 120 3201 159 3250; x_wconf 61' lang='lat' dir='ltr'><strong>Ut</strong></span> <span class='ocrx_word' id='word_1_226' title='bbox 179 3200 235 3268; x_wconf 72' lang='lat' dir='ltr'><strong>qui</strong></span> <span class='ocrx_word' id='word_1_227' title='bbox 247 3236 256 3260; x_wconf 86' lang='lat'>,</span> <span class='ocrx_word' id='word_1_228' title='bbox 279 3191 406 3246; x_wconf 81' lang='lat' dir='ltr'><strong>adversas</strong></span> <span class='ocrx_word' id='word_1_229' title='bbox 426 3212 466 3245; x_wconf 83' lang='lat' dir='ltr'><strong>res</strong></span> <span class='ocrx_word' id='word_1_230' title='bbox 482 3205 614 3261; x_wconf 73' lang='lat' dir='ltr'><strong>expersus,</strong></span> <span class='ocrx_word' id='word_1_231' title='bbox 648 3197 744 3248; x_wconf 77' lang='lat' dir='ltr'><strong>Dicere</strong></span> <span class='ocrx_word' id='word_1_232' title='bbox 766 3197 832 3270; x_wconf 59' lang='lat' dir='ltr'><strong>steine</strong></span> <span class='ocrx_word' id='word_1_233' title='bbox 852 3199 879 3250; x_wconf 91' lang='lat' dir='ltr'><strong>in</strong></span> <span class='ocrx_word' id='word_1_234' title='bbox 898 3197 977 3253; x_wconf 88' lang='lat' dir='ltr'>MSS.</span> <span class='ocrx_word' id='word_1_235' title='bbox 995 3221 1044 3272; x_wconf 91' lang='lat' dir='ltr'><strong>pro</strong></span> <span class='ocrx_word' id='word_1_236' title='bbox 1062 3205 1161 3258; x_wconf 72' lang='lat' dir='ltr'><strong>discere</strong></span> 
     </span>
     <span class='ocr_line' id='line_1_29' title="bbox 85 3269 1159 3334; baseline 0.009 -8"><span class='ocrx_word' id='word_1_237' title='bbox 85 3293 140 3327; x_wconf 87' lang='lat' dir='ltr'><strong>cum</strong></span> <span class='ocrx_word' id='word_1_238' title='bbox 154 3277 285 3328; x_wconf 77' lang='lat' dir='ltr'><strong>maxime.</strong></span> <span class='ocrx_word' id='word_1_239' title='bbox 296 3277 394 3328; x_wconf 83' lang='lat' dir='ltr'><strong>discam</strong></span> <span class='ocrx_word' id='word_1_240' title='bbox 409 3285 459 3324; x_wconf 86' lang='lat' dir='ltr'><strong>etc.</strong></span> <span class='ocrx_word' id='word_1_241' title='bbox 477 3269 617 3324; x_wconf 74' lang='lat' dir='ltr'><strong>Adversas</strong></span> <span class='ocrx_word' id='word_1_242' title='bbox 649 3273 807 3328; x_wconf 85' lang='lat' dir='ltr'><strong>obtruditur.</strong></span> <span class='ocrx_word' id='word_1_243' title='bbox 818 3274 851 3328; x_wconf 92' lang='lat' dir='ltr'><strong>V.</strong></span> <span class='ocrx_word' id='word_1_244' title='bbox 873 3274 961 3329; x_wconf 84' lang='lat' dir='ltr'><strong>Bnmr.</strong></span> <span class='ocrx_word' id='word_1_245' title='bbox 982 3279 1015 3330; x_wconf 84' lang='lat' dir='ltr'><strong>ad</strong></span> <span class='ocrx_word' id='word_1_246' title='bbox 1033 3281 1159 3334; x_wconf 86' lang='lat' dir='ltr'><strong>Ovidium</strong></span> 
     </span>
     <span class='ocr_line' id='line_1_30' title="bbox 81 3347 1159 3418; baseline 0.023 -28"><span class='ocrx_word' id='word_1_247' title='bbox 81 3347 616 3418; x_wconf 60' lang='lat' dir='ltr'><strong>mel-³101,edidirltyclrins.Advsrsas</strong></span> <span class='ocrx_word' id='word_1_248' title='bbox 649 3355 718 3406; x_wconf 76' lang='lat' dir='ltr'><strong>Fast.</strong></span> <span class='ocrx_word' id='word_1_249' title='bbox 737 3356 769 3418; x_wconf 85' lang='grc'><strong>3,</strong></span> <span class='ocrx_word' id='word_1_250' title='bbox 785 3357 844 3406; x_wconf 82' lang='lat'><strong>326.</strong></span> <span class='ocrx_word' id='word_1_251' title='bbox 867 3355 926 3406; x_wconf 82' lang='lat' dir='ltr'><strong>Cum</strong></span> <span class='ocrx_word' id='word_1_252' title='bbox 943 3359 1054 3409; x_wconf 72' lang='lat' dir='ltr'><strong>maxime</strong></span> <span class='ocrx_word' id='word_1_253' title='bbox 1073 3375 1159 3415; x_wconf 85' lang='lat' dir='ltr'><strong>antem</strong></span> 
     </span>
     <span class='ocr_line' id='line_1_31' title="bbox 82 3428 1160 3504; baseline 0.011 -24"><span class='ocrx_word' id='word_1_254' title='bbox 82 3445 110 3482; x_wconf 87' lang='lat' dir='ltr'><strong>et</strong></span> <span class='ocrx_word' id='word_1_255' title='bbox 124 3434 266 3486; x_wconf 81' lang='lat' dir='ltr'><strong>secundas</strong></span> <span class='ocrx_word' id='word_1_256' title='bbox 286 3434 344 3504; x_wconf 86' lang='lat' dir='ltr'><strong>(est</strong></span> <span class='ocrx_word' id='word_1_257' title='bbox 354 3431 380 3482; x_wconf 86' lang='lat' dir='ltr'><strong>in</strong></span> <span class='ocrx_word' id='word_1_258' title='bbox 390 3428 474 3496; x_wconf 79' lang='lat' dir='ltr'><strong>Buri.)</strong></span> <span class='ocrx_word' id='word_1_259' title='bbox 489 3429 538 3480; x_wconf 87' lang='lat' dir='ltr'><strong>suit</strong></span> <span class='ocrx_word' id='word_1_260' title='bbox 554 3441 580 3478; x_wconf 92' lang='lat' dir='ltr'><strong>et</strong></span> <span class='ocrx_word' id='word_1_261' title='bbox 591 3429 617 3478; x_wconf 90' lang='lat' dir='ltr'><strong>in</strong></span> <span class='ocrx_word' id='word_1_262' title='bbox 649 3445 719 3483; x_wconf 87' lang='lat' dir='ltr'><strong>reete</strong></span> <span class='ocrx_word' id='word_1_263' title='bbox 727 3429 760 3482; x_wconf 81' lang='lat' dir='ltr'><strong>ab</strong></span> <span class='ocrx_word' id='word_1_264' title='bbox 770 3429 1012 3486; x_wconf 87' lang='lat' dir='ltr'><strong>eodeminduc&#39;tum.</strong></span> <span class='ocrx_word' id='word_1_265' title='bbox 1023 3437 1094 3488; x_wconf 83' lang='lat' dir='ltr'><strong>Ante</strong></span> <span class='ocrx_word' id='word_1_266' title='bbox 1104 3453 1160 3492; x_wconf 82' lang='lat' dir='ltr'><strong>crat</strong></span> 
     </span>
     <span class='ocr_line' id='line_1_32' title="bbox 80 3504 1159 3582; baseline 0.006 -20"><span class='ocrx_word' id='word_1_267' title='bbox 80 3505 173 3563; x_wconf 85' lang='lat' dir='ltr'><strong>Guelf.</strong></span> <span class='ocrx_word' id='word_1_268' title='bbox 186 3529 203 3562; x_wconf 86' lang='lat' dir='ltr'><strong>a</strong></span> <span class='ocrx_word' id='word_1_269' title='bbox 218 3529 300 3562; x_wconf 89' lang='lat' dir='ltr'><strong>man.</strong></span> <span class='ocrx_word' id='word_1_270' title='bbox 310 3528 351 3582; x_wconf 83' lang='lat' dir='ltr'><strong>pr.</strong></span> <span class='ocrx_word' id='word_1_271' title='bbox 362 3504 407 3559; x_wconf 79' lang='lat' dir='ltr'><strong>sed</strong></span> <span class='ocrx_word' id='word_1_272' title='bbox 419 3524 460 3556; x_wconf 71' lang='lat' dir='ltr'><strong>ras</strong></span> <span class='ocrx_word' id='word_1_273' title='bbox 470 3504 617 3556; x_wconf 81' lang='lat' dir='ltr'><strong>exciderat:</strong></span> <span class='ocrx_word' id='word_1_274' title='bbox 650 3521 700 3558; x_wconf 84' lang='lat' dir='ltr'><strong>tam</strong></span> <span class='ocrx_word' id='word_1_275' title='bbox 717 3509 844 3570; x_wconf 70' lang='lat' dir='ltr'><strong>maxime,</strong></span> <span class='ocrx_word' id='word_1_276' title='bbox 864 3507 930 3559; x_wconf 91' lang='lat' dir='ltr'><strong>illud</strong></span> <span class='ocrx_word' id='word_1_277' title='bbox 945 3511 973 3561; x_wconf 88' lang='lat' dir='ltr'><strong>in</strong></span> <span class='ocrx_word' id='word_1_278' title='bbox 989 3509 1068 3564; x_wconf 85' lang='lat' dir='ltr'><strong>MSS.</strong></span> <span class='ocrx_word' id='word_1_279' title='bbox 1087 3517 1159 3569; x_wconf 82' lang='lat' dir='ltr'><strong>Flor.</strong></span> 
     </span>
     <span class='ocr_line' id='line_1_33' title="bbox 80 3585 1017 3657; baseline 0.028 -15"><span class='ocrx_word' id='word_1_280' title='bbox 80 3609 176 3644; x_wconf 88' lang='lat' dir='ltr'><strong>manus</strong></span> <span class='ocrx_word' id='word_1_281' title='bbox 187 3611 248 3644; x_wconf 86' lang='lat' dir='ltr'><strong>sec.</strong></span> <span class='ocrx_word' id='word_1_282' title='bbox 262 3590 382 3644; x_wconf 80' lang='lat' dir='ltr'><strong>correxit</strong></span> <span class='ocrx_word' id='word_1_283' title='bbox 390 3586 524 3640; x_wconf 79' lang='lat' dir='ltr'><strong>adversam</strong></span> <span class='ocrx_word' id='word_1_284' title='bbox 537 3604 616 3651; x_wconf 73' lang='lat' dir='ltr'><strong>remp·</strong></span> <span class='ocrx_word' id='word_1_285' title='bbox 653 3585 754 3655; x_wconf 56' lang='lat' dir='ltr'><strong>(Budd</strong></span> <span class='ocrx_word' id='word_1_286' title='bbox 765 3589 833 3656; x_wconf 56' lang='lat' dir='ltr'><strong>Agr·</strong></span> <span class='ocrx_word' id='word_1_287' title='bbox 846 3585 886 3636; x_wconf 64' lang='lat' dir='ltr'><strong>ed·</strong></span> <span class='ocrx_word' id='word_1_288' title='bbox 896 3605 936 3657; x_wconf 61' lang='lat' dir='ltr'><strong>Pr·</strong></span> <span class='ocrx_word' id='word_1_289' title='bbox 946 3589 1017 3642; x_wconf 56' lang='grc' dir='ltr'><strong>ω’</strong></span> 
     </span>
     <span class='ocr_line' id='line_1_34' title="bbox 78 3662 1160 3738; baseline 0.01 -18"><span class='ocrx_word' id='word_1_290' title='bbox 78 3681 104 3720; x_wconf 88' lang='lat' dir='ltr'><strong>et</strong></span> <span class='ocrx_word' id='word_1_291' title='bbox 114 3667 274 3722; x_wconf 84' lang='lat' dir='ltr'><strong>secundam</strong></span> <span class='ocrx_word' id='word_1_292' title='bbox 288 3687 297 3718; x_wconf 92' lang='lat'><em>:</em></span> <span class='ocrx_word' id='word_1_293' title='bbox 309 3665 381 3738; x_wconf 88' lang='lat' dir='ltr'><strong>quod</strong></span> <span class='ocrx_word' id='word_1_294' title='bbox 391 3677 430 3716; x_wconf 83' lang='lat' dir='ltr'><strong>est</strong></span> <span class='ocrx_word' id='word_1_295' title='bbox 445 3675 471 3716; x_wconf 89' lang='lat' dir='ltr'><strong>et</strong></span> <span class='ocrx_word' id='word_1_296' title='bbox 486 3665 512 3714; x_wconf 91' lang='lat' dir='ltr'><strong>in</strong></span> <span class='ocrx_word' id='word_1_297' title='bbox 526 3662 568 3715; x_wconf 87' lang='lat' dir='ltr'><strong>ed.</strong></span> <span class='ocrx_word' id='word_1_298' title='bbox 578 3681 617 3731; x_wconf 84' lang='lat' dir='ltr'><strong>pr.</strong></span> <span class='ocrx_word' id='word_1_299' title='bbox 684 3667 769 3733; x_wconf 81' lang='lat' dir='ltr'><strong>Ipsius</strong></span> <span class='ocrx_word' id='word_1_300' title='bbox 787 3665 897 3731; x_wconf 81' lang='lat' dir='ltr'><strong>imperii.</strong></span> <span class='ocrx_word' id='word_1_301' title='bbox 913 3667 997 3735; x_wconf 81' lang='lat' dir='ltr'><strong>Ipsius</strong></span> <span class='ocrx_word' id='word_1_302' title='bbox 1013 3689 1066 3724; x_wconf 87' lang='lat' dir='ltr'><strong>non</strong></span> <span class='ocrx_word' id='word_1_303' title='bbox 1083 3678 1160 3732; x_wconf 84' lang='lat' dir='ltr'><strong>estin</strong></span> 
     </span>
     <span class='ocr_line' id='line_1_35' title="bbox 76 3739 717 3816; baseline 0.011 -25"><span class='ocrx_word' id='word_1_304' title='bbox 76 3741 170 3816; x_wconf 82' lang='lat' dir='ltr'><strong>Vulgo</strong></span> <span class='ocrx_word' id='word_1_305' title='bbox 178 3760 225 3798; x_wconf 84' lang='lat' dir='ltr'><strong>est</strong></span> <span class='ocrx_word' id='word_1_306' title='bbox 233 3743 356 3796; x_wconf 78' lang='lat' dir='ltr'><strong>adversa</strong></span> <span class='ocrx_word' id='word_1_307' title='bbox 365 3755 391 3794; x_wconf 86' lang='lat' dir='ltr'><strong>et</strong></span> <span class='ocrx_word' id='word_1_308' title='bbox 401 3739 523 3798; x_wconf 80' lang='lat' dir='ltr'><strong>secunda.</strong></span> <span class='ocrx_word' id='word_1_309' title='bbox 537 3741 618 3792; x_wconf 88' lang='lat' dir='ltr'><strong>Dein·</strong></span> <span class='ocrx_word' id='word_1_310' title='bbox 651 3744 717 3800; x_wconf 89' lang='lat' dir='ltr'><strong>Bud.</strong></span> 
     </span>
     <span class='ocr_line' id='line_1_36' title="bbox 76 3821 1161 3893; baseline 0.022 -30"><span class='ocrx_word' id='word_1_311' title='bbox 76 3824 110 3877; x_wconf 68' lang='lat' dir='ltr'><strong>de</strong></span> <span class='ocrx_word' id='word_1_312' title='bbox 122 3845 185 3878; x_wconf 66' lang='lat' dir='ltr'><strong>cum</strong></span> <span class='ocrx_word' id='word_1_313' title='bbox 196 3821 413 3893; x_wconf 74' lang='lat' dir='ltr'><strong>maxinw,quod</strong></span> <span class='ocrx_word' id='word_1_314' title='bbox 420 3823 544 3890; x_wconf 86' lang='lat' dir='ltr'><strong>temporis</strong></span> <span class='ocrx_word' id='word_1_315' title='bbox 552 3839 618 3892; x_wconf 79' lang='lat' dir='ltr'><strong>prae-</strong></span> <span class='ocrx_word' id='word_1_316' title='bbox 683 3824 733 3875; x_wconf 87' lang='lat' dir='ltr'><strong>An</strong></span> <span class='ocrx_word' id='word_1_317' title='bbox 749 3823 795 3874; x_wconf 84' lang='lat' dir='ltr'><strong>illo</strong></span> <span class='ocrx_word' id='word_1_318' title='bbox 810 3821 928 3875; x_wconf 79' lang='lat' dir='ltr'><strong>muliebri</strong></span> <span class='ocrx_word' id='word_1_319' title='bbox 939 3840 997 3876; x_wconf 79' lang='lat' dir='ltr'><strong>om.</strong></span> <span class='ocrx_word' id='word_1_320' title='bbox 1014 3825 1058 3881; x_wconf 90' lang='lat' dir='ltr'><strong>Sic</strong></span> <span class='ocrx_word' id='word_1_321' title='bbox 1072 3849 1161 3887; x_wconf 85' lang='lat' dir='ltr'><strong>omnes</strong></span> 
     </span>
     <span class='ocr_line' id='line_1_37' title="bbox 74 3899 1163 3984; baseline 0.009 -28"><span class='ocrx_word' id='word_1_322' title='bbox 74 3909 160 3958; x_wconf 86' lang='lat' dir='ltr'><strong>sentis</strong></span> <span class='ocrx_word' id='word_1_323' title='bbox 172 3903 412 3976; x_wconf 81' lang='lat' dir='ltr'><strong>significationem</strong></span> <span class='ocrx_word' id='word_1_324' title='bbox 421 3899 528 3964; x_wconf 80' lang='lat' dir='ltr'><strong>habere,</strong></span> <span class='ocrx_word' id='word_1_325' title='bbox 541 3899 618 3954; x_wconf 88' lang='lat' dir='ltr'><strong>bodie</strong></span> <span class='ocrx_word' id='word_1_326' title='bbox 650 3903 727 3966; x_wconf 88' lang='lat' dir='ltr'><strong>libri,</strong></span> <span class='ocrx_word' id='word_1_327' title='bbox 741 3904 789 3956; x_wconf 88' lang='lat' dir='ltr'><strong>nisi</strong></span> <span class='ocrx_word' id='word_1_328' title='bbox 799 3899 870 3974; x_wconf 86' lang='lat' dir='ltr'><strong>quod</strong></span> <span class='ocrx_word' id='word_1_329' title='bbox 878 3901 979 3957; x_wconf 90' lang='lat' dir='ltr'><strong>Puteol.</strong></span> <span class='ocrx_word' id='word_1_330' title='bbox 990 3907 1054 3960; x_wconf 85' lang='lat' dir='ltr'><strong>alio.</strong></span> <span class='ocrx_word' id='word_1_331' title='bbox 1064 3909 1163 3984; x_wconf 83' lang='lat' dir='ltr'><strong>Vulga-</strong></span> 
     </span>
     <span class='ocr_line' id='line_1_38' title="bbox 73 3977 1162 4054; baseline 0.01 -24"><span class='ocrx_word' id='word_1_332' title='bbox 73 3984 288 4054; x_wconf 74' lang='lat' dir='ltr'><strong>pervnlgatum</strong></span> <span class='ocrx_word' id='word_1_333' title='bbox 311 3992 364 4042; x_wconf 85' lang='lat' dir='ltr'><strong>cst,</strong></span> <span class='ocrx_word' id='word_1_334' title='bbox 382 3997 435 4030; x_wconf 90' lang='lat' dir='ltr'><strong>non</strong></span> <span class='ocrx_word' id='word_1_335' title='bbox 450 3977 483 4030; x_wconf 89' lang='lat' dir='ltr'><strong>ad</strong></span> <span class='ocrx_word' id='word_1_336' title='bbox 498 3993 618 4044; x_wconf 75' lang='lat' dir='ltr'><strong>expertus</strong></span> <span class='ocrx_word' id='word_1_337' title='bbox 651 3993 708 4032; x_wconf 88' lang='lat' dir='ltr'><strong>tum</strong></span> <span class='ocrx_word' id='word_1_338' title='bbox 716 3981 843 4032; x_wconf 85' lang='lat' dir='ltr'><strong>efficacius</strong></span> <span class='ocrx_word' id='word_1_339' title='bbox 853 3992 926 4049; x_wconf 89' lang='lat' dir='ltr'><strong>puto.</strong></span> <span class='ocrx_word' id='word_1_340' title='bbox 934 3981 1162 4040; x_wconf 81' lang='lat' dir='ltr'><strong>Postmereturle-</strong></span> 
     </span>
     <span class='ocr_line' id='line_1_39' title="bbox 72 4057 1163 4132; baseline 0.025 -33"><span class='ocrx_word' id='word_1_341' title='bbox 72 4063 280 4122; x_wconf 61' lang='lat' dir='ltr'><strong>referendum,</strong></span> <span class='ocrx_word' id='word_1_342' title='bbox 295 4071 327 4110; x_wconf 84' lang='lat' dir='ltr'><strong>ut</strong></span> <span class='ocrx_word' id='word_1_343' title='bbox 336 4059 364 4112; x_wconf 84' lang='lat' dir='ltr'><strong>iu</strong></span> <span class='ocrx_word' id='word_1_344' title='bbox 375 4059 487 4129; x_wconf 75' lang='lat' dir='ltr'><strong>vulgatis</strong></span> <span class='ocrx_word' id='word_1_345' title='bbox 496 4058 562 4126; x_wconf 80' lang='lat' dir='ltr'><strong>lere,</strong></span> <span class='ocrx_word' id='word_1_346' title='bbox 573 4059 619 4116; x_wconf 87' lang='lat' dir='ltr'><strong>sed</strong></span> <span class='ocrx_word' id='word_1_347' title='bbox 651 4059 763 4132; x_wconf 78' lang='lat' dir='ltr'><strong>gendum</strong></span> <span class='ocrx_word' id='word_1_348' title='bbox 779 4057 858 4114; x_wconf 83' lang='lat' dir='ltr'><strong>credo</strong></span> <span class='ocrx_word' id='word_1_349' title='bbox 876 4078 936 4116; x_wconf 86' lang='lat' dir='ltr'><strong>curu</strong></span> <span class='ocrx_word' id='word_1_350' title='bbox 955 4064 1087 4120; x_wconf 80' lang='lat' dir='ltr'><strong>Acidalio.</strong></span> <span class='ocrx_word' id='word_1_351' title='bbox 1105 4069 1163 4125; x_wconf 79' lang='lat' dir='ltr'><strong>Nec</strong></span> 
     </span>
    </p>
   </div>
   <div class='ocr_carea' id='block_1_6' title="bbox 250 4150 1015 4240">
    <p class='ocr_par' dir='ltr' id='par_1_8' title="bbox 250 4150 1015 4240">
     <span class='ocr_line' id='line_1_40' title="bbox 250 4150 1015 4240; baseline 0.007 -5"><span class='ocrx_word' id='word_1_352' title='bbox 250 4150 294 4220; x_wconf 80' lang='lat'><strong>5·</strong></span> <span class='ocrx_word' id='word_1_353' title='bbox 598 4189 601 4198; x_wconf 95' lang='lat'>·</span> <span class='ocrx_word' id='word_1_354' title='bbox 991 4155 1015 4240; x_wconf 79' lang='lat' dir='ltr'><strong>—i</strong></span> 
     </span>
    </p>
   </div>
   <div class='ocr_carea' id='block_1_7' title="bbox 0 0 1452 5000">
    <p class='ocr_par' dir='ltr' id='par_1_9' title="bbox 0 0 1452 5000">
     <span class='ocr_line' id='line_1_41' title="bbox 0 0 1452 5000; baseline 0 10"><span class='ocrx_word' id='word_1_355' title='bbox 0 0 1452 5000; x_wconf 95' lang='lat' dir='ltr'><strong> </strong></span> 
     </span>
    </p>
   </div>
  </div>
 </body>
</html>
