2860 5004
299 353 349 492 ta
615 391 1034 468 ursroatanuu
1179 395 1285 440 ruo

1179 463 1237 502 uc.
1255 477 1273 504 n·

298 528 366 603 nisi
378 529 506 600 incerta
521 527 650 622 noctis,
667 543 701 600 et
721 543 792 598 tota
809 525 894 600 urbe
907 550 1022 628 sparsa
1043 525 1199 602 militum
1218 478 1341 628 cisoa.

298 669 363 716 nec
385 641 522 716 facilem
541 633 631 714 inter
651 641 860 715 temulentos
878 659 1105 738 consensum,
1126 641 1343 720 timuissent:

299 747 371 830 non
392 755 594 856 reipublicae
611 781 713 852 cura,
740 779 847 856 qnam
866 757 997 832 soedare
1015 755 1185 858 principis
1205 759 1257 833 sui
1271 783 1343 834 san·

298 871 405 974 grrine
418 869 524 944 sobrii
536 869 718 970 patebant3
731 871 791 942 sed
809 891 853 944 ne
872 873 1131 970 pertonabas,
1154 874 1347 976 utquisque
1421 881 1422 884 ’

299 987 487 1089 pannonici
512 986 567 1062 vel
597 985 786 1089 germanici
816 986 985 1062 exercitus
1014 987 1185 1062 militibus
1217 990 1346 1064 oblatus
1422 1025 1424 1092 4

298 1119 404 1200 esset,
423 1101 663 1204 ignorantibus
675 1099 868 1200 plerisque,
883 1125 948 1200 pro
962 1103 1101 1179 Othone
1112 1095 1347 1180 destinaretur.
1423 1103 1424 1186 Ξ

298 1217 416 1292 Multa
427 1215 645 1318 ,erumpentis
669 1214 847 1288 seditionis
872 1214 1000 1290 indicia
1024 1241 1086 1318 per
1108 1219 1261 1293 conscios
1287 1245 1347 1319 op·
1424 1291 1425 1298 ,

221 1341 233 1432 J
299 1358 436 1435 pressa:
451 1334 611 1436 quaedam
624 1331 714 1432 apud
729 1332 855 1404 Galboe
867 1329 966 1406 aures
978 1339 1160 1432 prmi'ectus
1173 1337 1266 1408 Laco
1282 1335 1350 1408 elu-

300 1450 361 1540 sit‚
375 1450 514 1554 igitarns
528 1447 732 1522 militarium
748 1447 964 1538 animorum,
976 1450 1182 1552 consiliique
1194 1449 1350 1552 quamvis

299 1567 448 1668 egregii,
465 1564 561 1666 quod
578 1587 649 1636 non
663 1562 737 1662 ipse
751 1562 917 1662 adferret,
939 1563 1121 1655 inimicus,
1139 1585 1174 1640 et
1193 1565 1352 1641 adversus

299 1682 429 1782 peritos
449 1677 619 1780 [services.
686 1774 689 1781 .

329 1845 365 1891 36.
380 1845 414 1888 Et
427 1841 537 1887 adversus
543 1843 628 1896 peritos
636 1839 753 1896 pervices.
769 1837 901 1884 Proditores
911 1841 961 1886 cod.
973 1845 1025 1900 Agr.
1038 1844 1139 1888 Fortasse
1148 1843 1278 1898 fieriiio'ret.

209 2017 213 2026 .
300 1980 395 2058 mensis
410 1996 504 2030 nomen
521 1973 692 2046 adjiciendum
711 1975 810 2026 fuisse:
842 1987 912 2030 nata.
920 1961 1265 2052 ltaquesnspioor,Taciuim
1274 1979 1378 2049 scrip.
1425 1959 1426 1997 l

300 2057 450 2132 qnbdreete
460 2059 573 2129 negati.
585 2056 810 2116 Gtonorinsmon
843 2057 917 2120 siste,
935 2069 1038 2122 postero
1052 2062 1137 2110 statim
1150 2061 1202 2128 (sc.
1220 2059 1253 2110 ab
1269 2055 1355 2128 adop·
1425 2087 1426 2110 t

299 2152 387 2191 tamen
397 2155 427 2189 ea
437 2153 539 2200 caussa,
552 2153 630 2208 qnam
640 2136 730 2204 ponit,
741 2133 811 2206 quod
843 2136 912 2188 tione
923 2137 932 2203 )
945 2135 1000 2199 die,
1016 2155 1073 2208 quse
1085 2139 1152 2190 iacta
1163 2151 1201 2190 est
1216 2137 1263 2190 lv.
1280 2134 1355 2198 idus,

299 2217 388 2270 statim
408 2216 501 2267 mensis
521 2233 551 2267 ac
571 2215 694 2282 temporis
711 2214 810 2264 notatio
845 2215 884 2284 (s.
904 2216 1014 2279 diemm,
1038 2231 1068 2269 ut
1086 2231 1125 2269 est
1142 2218 1255 2270 inflor.
1274 2234 1356 2266 :nam
1425 2223 1426 2228 ’

299 2295 431 2364 sequitur:
443 2291 492 2344 'sed
503 2289 575 2364 quod
586 2291 716 2362 praecessit
730 2305 754 2342 c.
772 2291 809 2342 18.
843 2295 863 2344 si
873 2294 958 2344 statim
968 2293 1092 2364 legimns,
1104 2293 1200 2346 dierum
1211 2295 1300 2345 locum
1310 2292 1358 2344 ha-

298 2370 353 2429 Sed
368 2392 468 2432 vereor,
485 2392 517 2424 ne
534 2373 583 2424 alia
600 2371 642 2424 hic
661 2371 809 2439 corruptela
842 2369 905 2439 bet)
917 2384 947 2422 ut
960 2390 985 2423 o.
1000 2375 1040 2423 31.
1052 2374 1135 2438 ptimo
1144 2371 1227 2423 statim
1238 2371 1357 2422 inu-citu.

298 2460 387 2506 restet.
398 2453 439 2504 Ao
450 2452 559 2503 formam
571 2448 675 2522 quidem
686 2446 809 2518 loquendi
819 2498 823 2517 1
841 2451 882 2501 Ita
893 2462 920 2502 et
930 2449 1055 2503 Suetonio
1066 2465 1091 2502 et
1103 2451 1153 2504 sibi
1163 2462 1301 2521 congruet.
1312 2451 1359 2502 *ni-

298 2535 380 2586 feram
395 2552 401 2584 ε
419 2534 466 2584 etsi
477 2533 538 2584 allas
549 2549 600 2582 non
611 2529 710 2598 reperi,
722 2527 808 2588 diem,
842 2529 908 2580 tium
917 2529 1099 2599 conjurationis
1108 2531 1156 2582 lact
1162 2544 1203 2580 nm
1213 2531 1269 2597 ipsa
1276 2529 1359 2600 adop-
1426 2533 1427 2576 i

242 2610 249 2627 ‘
297 2617 345 2686 qni
358 2612 460 2664 kalend.
474 2623 570 2674 nonas,
587 2613 633 2660 atti
647 2606 706 2659 idus
720 2608 809 2676 sequi-
842 2607 922 2658 tionis
931 2601 981 2658 dic.
992 2607 1087 2660 llesita
1095 2609 1235 2659 accelerata
1244 2606 1359 2671 intuita
1426 2651 1427 2696 1

297 2705 350 2756 tn'r,
360 2695 396 2745 sic
403 2693 559 2762 cupressum.
569 2689 678 2740 Dictum
685 2688 719 2738 sit
726 2703 810 2756 graeco
843 2689 927 2756 parati
937 2689 1045 2752 conscii,
1059 2696 1088 2738 ttt
1098 2701 1203 2758 postero
1215 2689 1307 2738 statim
1315 2687 1359 2741 dio

299 2785 383 2835 more,
395 2773 488 2839 ocupa
497 2771 577 2830 cidiis,
590 2767 760 2818 samsurico.
769 2767 811 2835 57.
843 2763 871 2816 h.
884 2783 906 2815 e.
917 2763 1073 2826 Ill.idus,in
1082 2777 1165 2817 castra
1173 2783 1263 2835 rapere
1271 2763 1361 2818 Otho-
1426 2789 1427 2844 r

299 2852 405 2924 quidem
414 2893 420 2913 ,
434 2851 582 2909 memoratis
592 2847 679 2918 paullo
689 2857 748 2899 ante
757 2847 809 2898 lral.
843 2858 902 2894 nem
912 2843 1016 2902 vellent.
1026 2842 1188 2915 Galbamque
1199 2844 1359 2898 interlicere.
1426 2845 1427 2868 ³

150 2969 154 2974 -
296 2929 562 3002 januariis„,ssqnitut
573 2925 734 2991 disposicio.
744 2923 809 2988 Sed,
843 2921 873 2973 ln
890 2924 985 2974 caussis
995 2921 1088 2976 deinde
1102 2923 1189 2974 dilatas
1202 2924 1239 2974 rei
1255 2921 1361 2976 dissen-

191 3015 207 3041 ='
299 3011 321 3060 si
336 3007 457 3059 resinosa
475 3005 563 3056 statim
579 3001 613 3055 ab
626 3001 727 3064 idibus,
744 3001 771 3053 lt.
786 3019 808 3054 e.
842 3001 910 3050 liunt
920 2997 1059 3052 Suetonius
1071 3013 1098 3051 et
1109 3000 1230 3066 Tacitum
1245 2998 1293 3050 sed
1305 3003 1361 3067 ita,

298 3075 371 3138 XIX.
390 3083 449 3136 kat.
462 3081 531 3134 febr.
548 3083 592 3151 qui
610 3080 660 3131 snit
671 3079 731 3130 dics
750 3089 810 3131 ante
841 3087 871 3130 ut
881 3083 1002 3146 componi
1014 3082 1120 3151 possint.
1132 3078 1272 3132 Suetonius
1278 3095 1361 3135 caus-

299 3147 601 3226 obdeniilalbae,ialsns
612 3169 649 3209 est
657 3155 807 3218 Suetonius,
841 3175 894 3210 sam
913 3158 999 3212 dilatae
1023 3160 1119 3224 credit,
1140 3159 1246 3211 Tacitus
1267 3159 1362 3216 ditare

298 3245 344 3315 qni
356 3241 421 3294 Oth.
433 3257 459 3292 o.
472 3243 498 3292 6.
514 3235 608 3301 tradit,
623 3238 770 3308 conjuratos
781 3239 807 3289 in
840 3237 867 3286 in
889 3251 972 3289 eastra
992 3236 1156 3291 deductionis
1175 3235 1266 3288 tradit.
1287 3232 1362 3293 Bro-

297 3315 529 3376 anltnoitabuisse‚
541 3317 628 3368 statim
644 3314 676 3367 ab
689 3315 809 3386 adoptio·
841 3315 921 3366 tetius
943 3326 1027 3368 tamen
1049 3327 1143 3386 putat,
1164 3316 1361 3370 comestionem

297 3397 441 3462 ne,Galba
450 3395 603 3454 turencio,
618 3390 749 3444 Othonem
758 3397 809 3445 irn-
840 3405 954 3448 nostram
976 3395 1195 3452 dedocentem,
1216 3394 1288 3463 quod
1312 3415 1361 3450 re.

298 3489 444 3551 potatorem
467 3476 551 3527 lacere
576 3491 583 3523 s
607 3471 701 3524 deinde
723 3473 808 3526 adlata
841 3475 1154 3546 motioradoptionistum
1166 3477 1363 3532 memoriafue-

298 3569 385 3610 caussa
400 3555 493 3608 mutati
509 3551 626 3614 consilii,
644 3549 756 3603 medium
774 3553 807 3606 ab
840 3557 884 3608 rit.
896 3555 926 3607 Id
938 3573 986 3624 ego
996 3571 1046 3604 non
1058 3551 1187 3621 intelligo.
1202 3551 1260 3621 ipse
1271 3558 1362 3625 scrip.

298 3632 344 3688 lllo
360 3637 498 3706 dicasque
516 3630 548 3683 ad
563 3621 661 3683 XVill.
673 3629 726 3686 itai.
738 3630 806 3688 febr.
840 3646 895 3685 tum
913 3640 988 3701 putat
1005 3630 1083 3679 fnisse
1096 3647 1138 3695 pr.
1156 3629 1192 3681 id.
1207 3629 1278 3682 Ent't.
1295 3631 1362 3705 Bip.

297 3723 400 3782 tempus
412 3713 548 3766 Seleucum
561 3709 685 3780 religione
695 3715 806 3766 exemis-
839 3727 958 3780 recepere
963 3719 1065 3774 postero
1076 3707 1160 3761 iduum
1168 3707 1276 3762 dierum.
1285 3709 1361 3766 Mihi

298 3807 334 3840 se.
346 3787 425 3858 Quod
436 3792 456 3839 si
467 3803 518 3852 est,
532 3789 605 3840 nullo
616 3787 694 3839 modo
704 3800 806 3841 tentan-
839 3787 889 3839 hoc
908 3785 984 3853 plane
1000 3786 1132 3837 insolitum
1154 3787 1268 3841 videtur.
1287 3787 1360 3844 Ser-

298 3867 529 3919 dareiconsillnm
537 3871 650 3937 primum
658 3870 806 3934 essepotnit
840 3879 874 3914 vo
894 3862 966 3932 vulg.
983 3861 1066 3915 donee
1083 3863 1146 3935 quid
1168 3866 1259 3917 melius
1281 3867 1360 3922 offe-

286 3942 370 3998 'Xlx
381 3942 435 3994 ital.
446 3942 513 3996 febr.
522 3943 613 4005 Adde,
627 3941 698 4012 quod
709 3944 806 3996 aionon
839 3952 933 4004 ratur..

298 4017 807 4088 utiafltpraecedentibns:odeoparato
872 4019 959 4086 Apud
978 4022 1067 4073 orttoe
1089 4041 1170 4076 aures.
1191 4021 1258 4077 Bud.
1281 4030 1361 4098 apud

295 4095 467 4168 seditiosus,
477 4093 528 4147 hoc
539 4109 577 4147 est
587 4107 724 4166 prompta,
734 4096 808 4150 festi·
841 4101 951 4154 Galbam
961 4099 1078 4155 audiens.
1092 4101 1191 4156 Probat
1198 4102 1285 4164 lihen.
