2896 5000
173 393 290 514 2:233*
539 399 712 476 trnnn
735 403 764 476 r.
1153 435 1173 505 7

124 525 255 604 discors
271 526 517 625 sedinonihos,
536 529 612 628 ipsc
634 530 738 606 etiam
757 553 841 631 prce
853 537 997 610 mm.
1017 535 1179 635 Quorsus

125 642 298 744 principes
323 645 415 720 terro
438 644 649 746 htcrempti.
672 645 783 722 Trina
810 647 902 722 bella
923 648 1055 739 cisitu,
1076 652 1178 751 plura

125 773 264 832 externa
288 761 546 862 repletumque
565 760 748 862 permixta.
768 764 945 864 Prosperae
959 763 997 836 in
1012 764 1174 862 Oriente,

124 873 276 948 adversm
295 874 333 947 ic
351 873 540 951 Occidente
561 900 625 948 res.
642 875 842 950 Turbatam
862 878 1044 980 Illyricum
1064 903 1074 954 t
1092 880 1179 954 Gal·

124 985 181 1062 liae
194 1005 356 1066 nutantes
370 988 587 1091 :perdomita
597 991 778 1068 Britannia
793 1010 828 1070 et
845 991 963 1070 statim
980 993 1085 1072 ruisse
1100 1021 1110 1069 t
1123 991 1182 1068 coss

122 1251 158 1284 no
169 1251 176 1282 ε
189 1231 270 1288 sedin
281 1231 635 1312 marpgravionturopitm.
668 1247 695 1286 ct
707 1233 739 1288 cd
755 1235 831 1310 hujus
847 1241 946 1296 exitum
961 1239 1103 1296 Historiam
1121 1256 1181 1308 per-

125 1309 211 1381 (Bud.
219 1315 325 1382 phuam
338 1315 495 1390 gravioribus
507 1313 634 1382 casibus.)
667 1311 751 1369 duxit.
762 1313 823 1372 Piso
831 1334 930 1386 sutem,
941 1320 1077 1374 dumtaxat
1085 1317 1183 1382 Cesar,

124 1393 164 1445 At
175 1393 286 1460 opimam
295 1397 395 1450 casibus
403 1393 463 1450 MS.
472 1395 537 1466 Agr.
544 1391 585 1444 ed.
594 1409 637 1458 pr.
668 1413 720 1446 non
732 1397 861 1470 princeps.
872 1401 940 1454 ers.

124 1469 196 1542 quod
207 1475 304 1546 recepit
315 1473 439 1528 Picbena.
455 1471 480 1526 J.
495 1473 538 1526 Fr.
550 1469 636 1524 Gron.
706 1477 770 1528 Trr'a
781 1477 849 1532 bella
860 1480 956 1533 civilia.
971 1475 1037 1550 Qnrc
1047 1473 1059 1530 i
1069 1475 1182 1532 Othonis

124 1547 279 1618 conjiciebat
291 1551 397 1604 obsr'urm
408 1551 453 1604 vel
466 1550 635 1601 uberrimum:
667 1551 854 1618 inVitellium,
870 1553 946 1628 hujus
961 1557 987 1612 in
1004 1556 1138 1618 Flavium,
1155 1566 1182 1608 ct

123 1623 193 1678 lilius
202 1627 461 1696 copr'osumsCrusius
470 1627 496 1679 in
506 1621 636 1678 Probabi-
668 1629 698 1682 L.
710 1631 821 1686 Antonii
836 1633 863 1684 in
875 1631 1064 1688 Domitianum·
1078 1629 1111 1686 dr
1128 1649 1182 1702 quo

121 1703 194 1759 libus
204 1726 230 1778 p.
242 1709 282 1764 30.
293 1709 433 1776 inopinum.
444 1705 536 1772 Patet,
547 1706 636 1758 locum
667 1704 775 1760 Sueten.
793 1722 821 1760 et
837 1707 899 1762 Dio.
918 1711 986 1766 ers.
1005 1709 1086 1762 runa
1101 1705 1183 1760 MSS.

122 1786 266 1858 antiquitus
276 1800 430 1858 corruptum
440 1785 572 1848 luisse‚ct
581 1795 636 1834 ten·
667 1786 738 1842 Flor.
762 1785 830 1842 Bud.
854 1787 945 1842 Guelf.
965 1787 1006 1844 od.
1028 1808 1071 1860 pr.
1095 1787 1183 1838 'I'crrra

120 1877 190 1916 tatas
207 1867 380 1918 correctiones
398 1886 404 1917 :
422 1885 453 1917 ex
468 1861 563 1936 quibus
576 1879 635 1914 sane
668 1867 1033 1938 Anglerumquepermirta
1043 1880 1081 1922 cst
1092 1865 1184 1918 codem

122 1945 234 2014 opimum
245 1947 358 2018 optima,
369 1964 416 1997 nec
426 1943 545 1998 redoleas
554 1939 636 1998 libra·
668 1945 722 1997 sere
733 1960 851 2018 ternpore
861 1961 949 2022 gesta,
961 1961 991 2002 ut
1003 1947 1075 2000 domi
1084 1959 1110 2000 ct
1119 1945 1183 1998 loris

121 2023 221 2076 riorum
243 2023 380 2075 inscitiam.
406 2019 547 2094 Eleganter
566 2021 635 2074 cuim
667 2023 819 2077 turbaretur
837 2015 993 2094 respublica.
1012 2025 1082 2078 ΕΜ.
1102 2025 1184 2076 Trirm

123 2099 171 2170 (nt
183 2099 241 2152 Liv.
252 2099 284 2163 3,
296 2119 319 2170 7.
338 2118 401 2174 ager·
415 2100 513 2166 opimus
524 2095 633 2168 copiis.)
667 2112 737 2152 recte
747 2103 884 2156 restituere
893 2101 949 2174 Rip.
958 2101 1055 2154 Placet.

119 2196 170 2246 pro
189 2177 319 2247 copioso,
341 2175 446 2232 dicitnr.
474 2174 528 2229 Sed
548 2189 635 2227 umen
700 2179 854 2234 Perdomita
880 2172 1024 2236 Bn'tannia
1048 2194 1073 2234 et
1096 2181 1184 2234 statim

118 2259 309 2308 correctionem
319 2275 373 2308 esse
387 2271 468 2328 puto,
484 2274 535 2310 non
545 2273 635 2308 veram
669 2263 757 2312 misso.
767 2259 798 2312 ln
813 2263 880 2314 vitio
890 2251 981 2332 riperto
991 2274 1020 2313 ct
1032 2261 1185 2315 confusione

119 2335 208 2388 Taciti
224 2353 338 2388 manum.
348 2333 406 2388 Viri
421 2333 493 2388 docti
503 2335 580 2388 nimis
590 2331 637 2385 ad·
669 2339 751 2392 locus„
771 2337 843 2408 Quid
861 2342 931 2396 enirn
948 2337 1028 2404 illud,
1045 2341 1123 2394 missa
1140 2357 1185 2392 co-

117 2411 251 2466 ltaeserunt
261 2413 361 2466 notioni
371 2413 498 2466 ubertatis
513 2424 539 2463 ct
551 2409 638 2462 iarie-
671 2413 746 2470 Inone
754 2415 772 2468 ?
784 2416 858 2468 Itane
868 2417 944 2472 unius
953 2415 1068 2470 cohortis
1078 2436 1118 2470 res
1128 2416 1186 2468 suc·

119 2493 193 2547 tatis.
200 2491 240 2544 At
248 2493 380 2562 sequentia
388 2493 472 2561 operis
479 2489 556 2562 hujus
564 2492 638 2546 attri-
671 2497 722 2557 rit,
734 2497 760 2548 in
771 2494 904 2552 Sarmatae
914 2515 943 2553 ac
953 2495 1053 2550 Suevos
1063 2495 1163 2550 bellum
1174 2493 1186 2546 i

118 2565 185 2621 buta
204 2567 393 2634 consideranti,
411 2570 555 2640 praesertim
575 2567 639 2620 ulti·
671 2571 764 2642 Nugae.
777 2571 897 2646 Denique
905 2612 914 2641 ,
928 2573 985 2643 quis
1002 2571 1044 2626 hic
1061 2573 1189 2626 sermonis

121 2667 212 2716 mum,
230 2648 286 2714 r'psu
302 2649 379 2699 etiam
392 2667 457 2716 pace
467 2666 577 2712 scevam,
588 2665 637 2718 ap·
672 2661 811 2704 contextus
833 2662 878 2702 aut
896 2649 1022 2713 coherio,
1044 2649 1120 2702 missa
1136 2667 1185 2700 co·

121 2725 243 2796 parebit,
254 2723 298 2778 bic
309 2721 448 2777 desiderari
457 2723 594 2778 deterioris
604 2723 640 2776 si·
672 2725 749 2780 horte
766 2729 794 2778 in
813 2723 928 2791 Suevos,
939 2727 1048 2784 ,Ducum
1068 2725 1188 2780 cladibus

123 2801 299 2874 gnificationis
307 2799 478 2872 adjectivum,
486 2802 572 2874 qualia
580 2811 640 2853 sunt
673 2803 843 2858 involutum?
854 2807 900 2878 qui
909 2794 1000 2878 populi
1011 2823 1070 2856 sane
1080 2802 1186 2856 diversi.

122 2883 259 2952 sequentia
267 2882 361 2934 omnia.
370 2881 414 2934 An
422 2881 472 2934 tuit
483 2877 640 2933 borridum?
674 2879 790 2934 Omnino
807 2894 879 2933 recte
894 2883 1055 2934 correximus
1065 2879 1166 2952 pridem
1178 2899 1191 2932 ·.

123 2961 207 3013 casm
223 2957 344 3012 torridos
356 2963 432 3012 ctiam
447 2959 541 3015 Senec.
556 2959 590 3014 H.
608 2957 638 3010 F.
670 2959 819 3028 perdomita
829 2961 969 3014 Britannia
980 2974 1005 3012 et
1013 2963 1100 3014 statim
1108 2961 1189 3011 amir-

121 3039 185 3106 657.
203 3037 246 3089 vel
264 3037 400 3098 homtite,
417 3049 449 3092 ut
465 3035 559 3092 Cicero
573 3035 642 3088 dixit
673 3039 1187 3094 sarcoortaeSarmatarumocSuevorum

122 3137 176 3191 pro
188 3117 264 3170 Sext.
274 3117 316 3184 nd.
325 3117 453 3170 laombilis
464 3129 489 3168 et
495 3115 584 3186 gravis
595 3133 641 3168 cn-
669 3131 758 3196 gentes
768 3138 777 3170 r
789 3117 936 3171 nobilitatus
943 3117 1012 3168 clad.
1023 3119 1115 3168 mutuis
1125 3117 1187 3166 Du-

124 3217 178 3252 rus.
187 3193 284 3250 lllelius
291 3196 354 3250 nibil
365 3195 427 3250 dum
437 3199 584 3268 excogitare
591 3215 642 3268 po-
672 3217 717 3252 cur
732 3220 741 3252 .·
758 3217 806 3250 neo
821 3199 917 3268 exiguo
933 3196 966 3250 ad
980 3195 1115 3249 historiam
1127 3215 1188 3248 moa

125 3279 178 3331 tui.
189 3275 263 3329 Etru.
272 3275 361 3346 Quum
369 3289 475 3347 recepta
483 3277 562 3332 lectio
572 3277 641 3332 nita-
673 3291 772 3333 mento.
783 3275 915 3330 Discimus
926 3277 1039 3340 scilicet,
1052 3276 1189 3345 perdomi-

124 3371 173 3410 tur
193 3357 348 3410 auctoritate
367 3355 452 3412 Vatia.
471 3356 530 3410 cod.
551 3369 580 3408 et
596 3355 640 3412 ed·
674 3373 728 3414 tam
749 3357 908 3412 Britanniam
931 3353 1020 3428 (qnod
1044 3355 1188 3410 Domitiani

123 3433 206 3486 Rom.
221 3433 303 3486 nolim
312 3432 442 3506 rejectam.
452 3431 510 3503 Bip.
521 3451 641 3508 recepere
673 3439 783 3507 imperio
807 3435 902 3490 accidit
922 3455 928 3486 ε
950 3454 1058 3506 eamque
1083 3433 1187 3488 laudem

126 3513 271 3583 inopinum.
282 3509 429 3566 daoGron.
438 3511 546 3566 volebat
555 3515 643 3582 copio-
676 3515 808 3588 Agricolae
826 3533 915 3568 socero
934 3534 980 3568 suo
994 3527 1080 3565 noster
1095 3511 1190 3566 tribuit

125 3610 193 3644 sum.
429 3589 432 3602 '
675 3590 702 3650 iu
717 3591 773 3664 ejus
783 3593 841 3644 vita
854 3612 877 3644 c.
898 3611 938 3644 ro.
955 3591 1104 3642 Britannice
1114 3591 1189 3662 ritune

161 3671 226 3737 Ipsa
233 3669 309 3722 etiam
319 3681 368 3723 etc.
377 3667 465 3744 Vulgo
476 3671 503 3722 iu
513 3670 577 3740 ipsa.
590 3667 643 3722 Sed
676 3689 727 3722 non
738 3671 765 3719 iu
775 3673 990 3735 comparutionem
1000 3686 1069 3720 curae
1080 3665 1191 3740 ingenii·

105 3759 108 3768 '
126 3743 642 3822 praeponabestaBnd.AstAgr.habet.
676 3767 724 3818 que
740 3743 867 3818 reseram,
885 3745 933 3798 sed
945 3745 1005 3816 quia
1015 3757 1067 3798 tum
1078 3749 1194 3814 primum

163 3830 283 3900 Qaatuor
293 3827 434 3896 principes.
450 3827 494 3882 Ne
503 3847 572 3881 erres
583 3849 643 3882 curu
674 3827 821 3898 perdomita
836 3826 891 3897 est)
912 3839 938 3878 et
951 3847 1012 3880 mox
1025 3827 1128 3898 ignavia
1143 3840 1189 3882 aut

126 3910 229 3980 vulgo,
241 3926 291 3958 neu
299 3905 420 3959 Pisonem
431 3909 498 3960 inter
509 3911 573 3962 istos
582 3905 645 3963 censs
676 3907 785 3962 dissidio
807 3908 956 3978 principum
971 3909 998 3959 in
1018 3921 1092 3978 parte
1110 3907 1189 3958 amis·

126 4003 194 4039 scas.
204 3983 333 4056 Intelligit
343 3986 411 4038 eninr
421 3983 533 4038 Galbam
543 4027 550 4050 ‚
562 3985 646 4040 Otho·
678 4007 734 4041 sam
754 4008 759 4037 z
776 3988 830 4040 sire
846 3987 927 4058 magis
938 3987 1040 4057 placet,
1058 3985 1186 4037 omissam.

127 4063 645 4130 nem,Vitellium,Domitiannru.Nam
679 4065 759 4138 Quod
779 4069 806 4119 in
824 4065 970 4119 Domitiani
991 4066 1091 4118 ultimis
1109 4063 1191 4118 rebus
