2860 5004
282 417 331 494 50
597 403 1015 481 HISTORIARUM
1161 401 1275 446 *fi-⁸¹³·

1161 468 1185 505 e.
1195 467 1220 506 c.
1230 481 1260 519 7..

281 545 483 629 Falluntur,
504 537 632 638 quibus
650 533 787 608 luxuria
807 531 918 634 specie
939 518 1156 608 liberalitatis
1172 533 1335 634 imponit.

281 662 429 736 Perdere
440 656 504 730 iste
517 653 618 750 sciet,
636 652 765 726 donare
776 649 916 724 nesciet.
928 649 1055 749 Stupro
1067 667 1205 723 nuncet
1218 651 1339 722 comis-

281 775 429 850 sationes
443 791 477 845 et
493 767 701 855 feminarum
713 783 823 838 coetus
834 763 942 838 volvit
958 763 1075 837 animo
1094 789 1104 837 ι
1120 762 1196 838 lraec
1212 763 1341 864 princi·

281 909 382 992 patus
398 884 541 989 praemia
557 895 679 984 putat3
700 903 852 982 quorum
871 877 984 952 libido
1000 904 1039 952 ac
1058 877 1217 980 voluptas
1234 897 1341 980 penes

281 1007 399 1106 ipsum
417 1002 480 1098 sit,
500 1000 609 1073 rubor
622 1023 663 1070 ac
678 995 824 1068 dedecus
838 1015 942 1092 penes
959 1017 1090 1070 omues.
1110 996 1228 1068 Nemo
1244 995 1342 1070 enim

279 1143 437 1220 unquam
455 1113 663 1215 imperium,
692 1108 824 1212 flagitio
845 1108 1052 1216 quaesitum,
1077 1109 1179 1182 bonis
1206 1110 1342 1184 artibus

281 1232 443 1310 exercuit.
456 1229 610 1306 Galbam
622 1245 806 1300 consensus
817 1222 950 1324 generis
961 1222 1107 1296 humani
1114 1279 1125 1314 ,
1137 1249 1194 1298 me
1203 1225 1342 1314 Galba,

282 1344 575 1424 consentientibus
591 1340 710 1427 vobiS,
730 1337 903 1410 Cresarem
920 1335 1019 1410 dixit.
1041 1341 1077 1412 Si
1096 1339 1291 1438 respublica
1308 1358 1343 1412 et

210 1505 214 1516 ·
281 1483 418 1539 senatus
434 1476 468 1534 et
484 1457 635 1560 populus
648 1479 737 1528 vana
747 1452 890 1524 nomina
904 1469 984 1525 suut
1000 1478 1009 1525 ε
1023 1473 1152 1552 vestra,
1169 1454 1344 1528 commili-

281 1595 400 1677 tones,
418 1577 580 1667 interest,
594 1595 638 1641 ne
651 1568 895 1666 imperatorem
906 1565 1046 1664 pessimi
1062 1567 1201 1641 faciant.
1217 1567 1344 1670 Legio·

283 1721 371 1767 num
383 1689 507 1765 seditio
520 1687 702 1759 adversum
717 1681 821 1754 duces
834 1703 913 1752 suos
930 1681 1048 1755 audita
1062 1702 1114 1756 est
1130 1682 1345 1783 aliquando:

282 1827 395 1884 vestra
406 1805 490 1876 fides
503 1803 662 1897 famaque
673 1795 781 1868 illaesa
789 1795 832 1867 ad
840 1793 934 1868 hunc
943 1795 1036 1870 diem
1046 1797 1346 1874 mansittetNero

284 1945 424 2023 quoque
443 1943 504 1992 vos
521 1911 697 2009 destituit,
716 1937 788 1982 non
808 1934 867 1984 vos
886 1913 1076 1987 Neronem.
1091 1913 1214 1988 Minus
1229 1915 1346 1990 XXX

284 2035 474 2139 transfugae
486 2050 519 2104 et
531 2029 833 2123 desertoresque
844 2026 1082 2100 centurionem
1092 2043 1152 2101 aut
1160 2027 1348 2100 tribunum

286 2148 354 2224 sibi
367 2141 533 2249 eligentes
545 2168 649 2216 nemo
662 2141 786 2236 ferret,
802 2137 988 2237 imperium
1000 2141 1258 2244 adsignabuntP
1271 2143 1348 2216 Ad-

286 2376 342 2428 nllo
359 2373 437 2427 modo
454 2393 487 2426 ex
504 2370 654 2442 elegantiori
671 2365 800 2425 latinitate
833 2363 866 2415 tis
881 2374 907 2416 et
920 2366 1017 2418 umbra.
1034 2367 1106 2420 Enu-
1124 2369 1193 2422 Cum
1207 2367 1294 2423 Grou.
1306 2372 1350 2424 fa-

288 2442 802 2522 hicimpersectumferendum(budune-
834 2442 906 2493 ciunt
923 2440 980 2512 Bip.
998 2457 1023 2495 ct
1041 2447 1149 2514 imponit
1157 2438 1291 2517 explicant
1302 2467 1351 2519 per

287 2530 416 2599 teretur).
434 2529 501 2579 Mox
518 2523 597 2578 MSS.
620 2537 646 2576 et
663 2519 722 2572 odd.
741 2532 801 2570 ante
834 2519 926 2586 (dfert,
942 2523 1041 2594 objicit,
1061 2527 1132 2596 quod
1151 2527 1245 2578 durum
1261 2530 1350 2582 nimis.

287 2611 370 2663 Rhen.
390 2609 510 2676 speciem.
527 2606 606 2655 Forte
629 2598 727 2652 excidit
743 2616 800 2664 per.
835 2597 931 2660 Locus,
945 2617 1022 2668 quem
1034 2621 1065 2652 ex
1078 2603 1187 2656 Horatio
1202 2605 1267 2656 citat
1283 2605 1351 2658 Ern.

287 2688 455 2757 Quamquam
462 2683 549 2736 vel-sic
559 2678 683 2749 frigidum
691 2688 738 2737 est,
741 2673 802 2740 sal-
835 2687 873 2728 est
882 2673 1015 2728 luvenalis
1026 2681 1069 2746 14,
1082 2699 1137 2751 109.

288 2769 376 2818 Ianuar
385 2765 474 2833 quibus
488 2759 614 2826 imponit,
630 2759 647 2808 i.
662 2774 685 2806 e.
697 2755 742 2826 qui
752 2753 803 2806 lal-
868 2754 977 2804 Donate
988 2757 1090 2808 nesciet.
1107 2755 1169 2810 MS.
1178 2759 1241 2828 lleg.
1255 2757 1350 2830 (Agr.)

288 2844 388 2896 luntur.
402 2842 428 2891 J.
441 2838 593 2891 Gronovius
609 2833 714 2904 Praefert
725 2843 803 2901 atque
836 2843 862 2882 et
872 2831 912 2882 ed.
925 2851 964 2903 pr.
975 2833 1073 2886 donare
1083 2838 1191 2890 nescius.
1202 2835 1263 2890 Non
1271 2839 1351 2891 male.

288 2918 343 2970 edit
354 2918 493 2970 lectionem
501 2926 568 2966 vett.
577 2911 705 2963 librorum
716 2909 802 2975 (Flor.
836 2911 907 2964 Etru.

290 2999 357 3070 Agr.
370 2994 455 3063 Bud.)
468 2996 585 3060 speciem.
597 2989 807 3056 &deraserunt
875 2991 1077 3046 comissationes.
1099 2993 1165 3048 und.
1185 2999 1355 3052 comessatio«

288 3077 440 3147 requiritur,
447 3073 642 3138 nonjttunnr.
653 3069 805 3121 Fallnntret
837 3086 891 3122 nes.
904 3072 940 3123 Et
951 3091 1012 3124 mor
1023 3072 1097 3142 apud
1103 3091 1199 3127 omnes.

289 3173 341 3218 eae,
355 3155 372 3204 i.
385 3172 410 3204 e.
422 3152 502 3213 vitia,
513 3148 610 3221 quibus
625 3147 727 3200 luxuria
745 3163 805 3215 spe·
872 3151 950 3201 Vana
956 3153 1059 3204 nomina
1065 3151 1184 3207 sunt.Slc
1190 3151 1281 3218 Guelf.
1289 3157 1352 3211 edd.

289 3235 358 3288 ciem
368 3231 530 3284 liberalitatis
538 3229 640 3280 tribuit.
651 3227 730 3292 (Nam
738 3223 806 3277 Gro-
837 3226 939 3279 Puteol.
956 3244 1014 3301 sqq.
1031 3233 1071 3283 At
1083 3231 1154 3284 Flur.
1166 3231 1230 3284 Bnd.
1243 3235 1314 3305 Agr.
1326 3248 1354 3288 et

290 3314 429 3367 novianam
455 3309 655 3381 explicationem
681 3319 731 3360 aut·
751 3323 803 3359 non
837 3321 878 3374 pr.
898 3321 982 3357 vacua
998 3309 1104 3360 nomina
1119 3323 1186 3362 runt.
1204 3307 1235 3362 ld
1249 3315 1354 3384 recepit

290 3393 383 3463 cepio,
398 3402 442 3440 aut
458 3402 496 3440 est
509 3401 600 3439 contra
615 3387 780 3438 latinitatem.
792 3385 803 3454 )
836 3383 949 3454 llyclrius
960 3401 985 3440 et
997 3389 1022 3439 J.
1032 3387 1191 3443 Gronovius.
1201 3387 1254 3441 Sed
1265 3407 1355 3445 exem-

290 3471 344 3526 Sed
367 3471 470 3524 luxuria
486 3485 539 3520 non
561 3461 655 3520 tribuit
674 3469 802 3538 speciem,
836 3467 881 3534 pla
890 3469 966 3520 allata
979 3487 1029 3522 non
1038 3469 1165 3522 sunthuic
1178 3470 1286 3534 similia,
1302 3491 1369 3538 nec,

291 3569 382 3602 verum
403 3549 519 3616 accipit,
539 3545 700 3616 deberetque
720 3562 774 3598 esse
796 3563 802 3596 t
837 3547 900 3600 mihi
910 3551 970 3600 satis
978 3548 1061 3599 simile
1069 3549 1217 3620 exemplum
1227 3557 1354 3608 occurrit.

290 3629 379 3696 quibus
394 3626 505 3678 luxuriae
519 3627 627 3690 speciem
642 3624 804 3680 liberalitatis
836 3627 907 3679 Ean.
918 3630 971 3678 Ast
981 3625 1065 3677 simile
1074 3637 1159 3679 tamen
1168 3631 1355 3700 prorsusH.4,

290 3707 412 3772 imponit,
423 3707 452 3760 h.
468 3727 490 3758 a.
506 3705 631 3758 falluntur
646 3705 763 3759 homines
773 3709 804 3759 iis
839 3707 877 3772 14.
886 3705 976 3755 inania
987 3701 1110 3772 legionum
1126 3709 1238 3760 nomina.
1257 3707 1354 3782 Itaque

293 3784 383 3847 rebus,
401 3787 496 3854 quibus
512 3789 626 3854 speciem
641 3786 805 3838 liberalitatis
838 3798 932 3850 sequor
946 3777 1123 3842 codicescum
1139 3779 1197 3854 Bip.
1213 3785 1354 3841 Bahrdtin

293 3863 433 3915 conciliant
442 3865 550 3915 luxuriae
562 3883 623 3915 suae.
635 3863 667 3913 In
677 3861 725 3914 hac
738 3863 806 3914 dilli-
837 3877 906 3912 vers.
925 3857 1015 3915 Germ.
1033 3879 1081 3932 pro
1098 3865 1128 3914 Si
1143 3865 1208 3938 legit
1224 3868 1279 3930 Ni,
1297 3887 1353 3921 non

291 3941 392 3993 cultate
408 3937 522 4004 undique
539 3955 565 3990 se
581 3942 728 4008 ingerente,
745 3939 802 3989 vul·
839 3941 922 4001 male,
933 3943 955 3992 si
965 3939 1067 3995 codices
1077 3947 1261 3998 consentirent.

293 4033 398 4092 gotum,
409 4028 439 4066 ut
447 4017 604 4070 lenissimum
612 4018 715 4067 retinui.
724 4017 806 4068 Hora·
871 4019 958 4068 Minus
971 4021 1061 4072 XXX
1072 4021 1225 4093 transfitgoe.
1243 4023 1356 4095 Respice

293 4103 347 4156 nus
356 4095 446 4168 :struit
455 4092 521 4144 enim
530 4095 618 4152 vittam
628 4095 712 4162 specie
721 4095 806 4150 virtu·
839 4095 959 4168 adurp.
