2860 5004
302 416 356 492 eo
452 431 456 436 ·
615 400 1034 480 msronmauu
1184 405 1300 450 ture

1184 474 1208 512 A.
1216 474 1242 513 G.
1263 488 1284 516 c.

301 545 354 620 cis
361 536 538 618 seditionis
546 533 757 634 auctoribus,
769 561 839 606 non
848 535 1055 610 ultravcrba
1063 561 1103 609 ac
1111 561 1209 612 voces
1217 487 1352 628 eriasse

303 681 340 734 et
357 656 454 734 brevi
470 655 507 728 in
526 649 639 724 officio
656 649 738 724 fore.
749 677 767 718 u
784 651 819 723 N
822 676 860 723 ec
872 647 984 724 ullum
999 649 1147 726 orationi
1160 673 1218 728 aut
1233 653 1353 728 lenoci-

303 773 404 848 nium
416 769 513 846 addit
525 785 584 840 ant
597 763 760 866 pretium.
776 764 929 838 Tribuni
942 779 1058 840 tamen
1075 771 1356 870 centurionesque

302 909 338 963 ct
351 885 503 990 proximi
514 881 668 956 militum
679 897 776 982 grata
787 877 909 953 auditu
920 879 1218 983 respondentzper
1230 903 1356 960 eeteros

302 1001 466 1076 tnaestitia
496 1024 535 1072 ac
560 993 756 1089 silentium,
780 1007 948 1092 tanquam
969 1015 1170 1094 usurpatam
1192 997 1300 1074 etiam
1322 997 1356 1070 in

302 1145 388 1220 pace
398 1112 553 1190 donativi
570 1109 808 1184 necessitatem
823 1107 916 1182 bello
932 1108 1175 1208 perdidissent.
1194 1113 1357 1201 Constat,

301 1235 454 1334 potuisse
469 1224 646 1304 conciliari
662 1223 797 1298 animos
817 1223 1136 1326 quantulacumque
1156 1226 1254 1328 parci
1272 1225 1358 1302 senis

298 1347 517 1422 iiberalitate.
541 1339 675 1420 Noouit
694 1337 860 1439 antiquus
880 1341 973 1440 rigor
993 1359 1028 1414 et
1052 1339 1162 1416 nimia
1181 1340 1356 1429 severine

296 1463 359 1536 cui
372 1465 443 1562 jam
457 1486 554 1562 pares
572 1483 643 1530 non
658 1478 789 1526 sumus

350 1581 453 1652 XIX.
468 1575 556 1649 Inde
567 1569 660 1671 apud
674 1585 831 1640 senatum
850 1593 921 1638 non
936 1567 1111 1668 comptior
1128 1567 1276 1667 Galba,
1291 1593 1359 1640 non

300 1692 459 1794 longior,
487 1713 594 1790 quam
620 1682 713 1782 apud
740 1679 908 1778 militem,
938 1707 1074 1756 sermo:
1088 1681 1226 1756 Pisonis
1252 1679 1359 1758 comis

275 1903 276 1908 ἵ
299 1806 422 1880 oratio.
431 1807 475 1878 Et
485 1821 626 1903 patrum
636 1799 734 1872 favor
747 1795 997 1884 aderat5multi
1008 1797 1187 1874 voluntate
1195 1797 1357 1884 effusius3

897 1923 904 1952 t

332 2000 367 2043 ²9·
382 1983 433 2028 Nec
444 1983 518 2026 ullum
526 1980 625 2024 orationi
635 1975 774 2020 lenocinium
789 1971 867 2027 addit,
884 1981 932 2018 aut.
949 1973 1037 2020 Addua
1052 1985 1077 2020 ut
1091 1973 1142 2022 cod.
1158 1974 1218 2023 uod.
1234 1981 1305 2022 Forte
1321 1982 1360 2020 aut

293 2058 438 2104 lenocinium
453 2055 535 2098 addita
551 2060 590 2096 aru
604 2050 712 2106 pretium.
723 2046 827 2090 additum
840 2056 881 2088 aut
889 2049 986 2102 pretium
996 2047 1046 2094 cod.
1057 2051 1110 2106 Agr.
1124 2047 1206 2092 wude
1217 2048 1281 2092 idem
1293 2047 1360 2092 codex

298 2131 379 2186 gratia
395 2128 486 2178 audito,
501 2139 546 2170 non
566 2123 653 2167 auditu.
673 2125 774 2166 Bene·
788 2121 823 2163 30.
840 2117 906 2161 Multi
920 2120 1046 2165 voluntate.
1062 2125 1120 2178 Lege
1136 2121 1203 2165 multi
1219 2123 1360 2166 uoluntate:

296 2201 414 2260 effusius,
424 2203 461 2258 qui
472 2201 605 2246 uoluerant,
616 2203 677 2238 nictu
690 2209 697 2235 a
709 2205 738 2236 ac
747 2191 843 2247 pluruni
851 2200 893 2235 ete.
905 2200 966 2238 metu
973 2192 1012 2250 qui
1021 2192 1152 2237 obstiterant
1163 2193 1289 2251 adoptioni.
1301 2195 1360 2238 Pars

302 2283 379 2325 ntetu,
391 2275 484 2332 qiidam
491 2272 585 2317 inuidia.
596 2273 653 2314 bun.
664 2269 692 2320 6,
703 2269 738 2319 43.
746 2263 797 2308 vide
805 2271 869 2307 notet
877 2265 952 2309 Sevilii
962 2274 984 2309 et
995 2266 1068 2310 locam
1077 2266 1227 2313 simillimum.
1234 2273 1267 2316 Η.
1277 2283 1303 2322 ι,
1315 2271 1360 2324 87..

303 2345 435 2392 Onerabaru
453 2344 618 2391 multitudinem
633 2339 691 2384 obuii
705 2351 735 2381 ex
752 2334 805 2379 urbe
820 2343 937 2379 senatores
948 2339 1077 2394 equitesque
1082 2355 1090 2392 ,-
1102 2340 1195 2396 quidam
1206 2349 1286 2391 nutu,
1298 2337 1362 2383 multi

299 2431 345 2476 per
353 2419 509 2465 adolationem
518 2432 526 2463 .·
536 2417 605 2462 cetui
613 2427 642 2458 ac
648 2409 773 2469 paullatim
783 2419 879 2458 omues>
889 2422 931 2458 ne,
943 2410 998 2454 aliis
1003 2410 1213 2466 proficiscentibus,
1225 2415 1274 2469 ipsi
1282 2422 1359 2458 renta-

302 2501 391 2538 neren!-

301 2627 380 2663 mauu
401 2608 568 2662 desideraret.
591 2604 630 2656 At
651 2618 679 2654 te
698 2599 814 2652 correxit
846 2608 932 2648 tamen
943 2597 1008 2652 Bud.
1019 2601 1257 2670 q.parvalib.etin
1269 2599 1359 2657 Gneli.

295 2691 356 2758 ›ipse
366 2688 398 2740 ad
411 2709 434 2741 c.
451 2689 491 2741 55.
508 2685 631 2738 Ceterum
648 2682 759 2743 mirum,
774 2691 814 2730 ta·
846 2674 944 2728 excidit
959 2681 1042 2743 senis,
1058 2678 1175 2746 additum
1191 2695 1292 2738 aman,
1308 2698 1358 2734 330,

294 2786 362 2834 'men
384 2784 399 2817 a
421 2762 588 2836 nequeuntibus
606 2757 751 2811 editoribus
770 2753 813 2808 bic
845 2751 983 2807 Rhenanus
1001 2759 1155 2830 conjiciebat
1173 2771 1359 2830 quantumcnn·

292 2845 354 2896 -duo
366 2855 424 2894 etv.
434 2854 564 2896 servetum
571 2876 579 2900 ‚
591 2855 651 2890 cum
659 2854 682 2887 c.
693 2835 737 2888 55.
747 2831 813 2884 duo·
845 2849 894 2899 que
902 2851 985 2898 parva
997 2837 1042 2890 lib.
1058 2851 1103 2890 aut
1117 2852 1317 2909 quantacunque
1327 2839 1359 2890 li-

301 2921 360 2975 dev.
372 2918 616 2974 exhiberent.Vetus
625 2915 737 2966 restituit
747 2913 813 2982 Ryc-
845 2911 979 2964 beralitate
989 2934 995 2982 ς
1008 2917 1079 2986 quod
1090 2920 1189 2970 meiius.
1203 2917 1255 2972 Sed
1267 2921 1359 2991 vulga.

301 3002 361 3056 kiue
372 3001 414 3070 (ex
422 3002 488 3070 Agr.
490 3013 509 3066 J.
520 2997 591 3048 ΕΜ.
604 2992 670 3049 Bud.
678 2991 812 3044 άαοᾶενία.
846 3001 902 3042 tum
912 2990 977 3044 bene
985 2992 1073 3050 babet.
1082 2997 1152 3050 Eme.
1161 2997 1266 3052 luBnd.
1273 3013 1359 3068 parva

334 3077 426 3132 Addit
433 3089 488 3129 aut.
497 3072 562 3126 Ruti.
571 3070 675 3124 addidit
682 3083 736 3122 aut.
846 3069 957 3139 glossam
969 3074 1045 3144 sapit,

337 3158 377 3208 Et
386 3153 501 3221 proximi
516 3149 623 3203 militum
635 3145 813 3219 ςααῑααιιᾱίεα
887 3147 969 3215 Quam
991 3149 1063 3217 apud
1082 3152 1194 3205 militem.
1217 3151 1262 3206 Sic
1286 3155 1357 3208 Flor.

301 3232 466 3306 respondent.
492 3229 537 3282 Sic'
555 3225 614 3278 edd.
634 3225 736 3277 Puteot.
755 3223 813 3276 Ber.
847 3220 912 3274 Bud.
935 3224 1002 3296 Agr.
1024 3224 1111 3280 Guelf.
1132 3228 1173 3281 ed.
1195 3248 1236 3298 pr.
1256 3230 1359 3283 Cetera

303 3315 367 3368 Alc.
385 3313 481 3364 Firmat
498 3307 569 3358 Flor.
588 3301 692 3374 (Agr.)
712 3299 754 3352 ed.
772 3320 813 3370 pr.
847 3298 1358 3377 miliniamrestituitnyekjmssene,

302 3394 350 3448 ubi
360 3407 399 3446 est
412 3401 486 3461 gruta
499 3384 596 3438 audito.
613 3385 651 3436 At
662 3381 745 3434 Rhen.
755 3399 815 3434 cum
846 3377 917 3431 Eun.
944 3421 945 3424 ,
1223 3435 1233 3460 ο

302 3469 472 3545 sequentibus
487 3480 568 3535 usque
584 3459 616 3512 ad
631 3457 770 3512 Pichenam
782 3458 815 3528 (e
879 3460 919 3510 Et
933 3473 1037 3526 pamm
1046 3462 1134 3528 ι[ανον
1146 3462 1237 3515 aderat
1252 3483 1260 3515 .·
1278 3461 1360 3516 multi.

304 3549 390 3620 uad.)
409 3543 483 3600 dedit
497 3536 667 3613 'gratabundi‚
685 3535 758 3610 quod
776 3550 814 3590 est
847 3537 922 3592 Hunc
947 3541 1033 3592 locum
1055 3539 1221 3596 distinetione
1243 3543 1359 3596 restituit

304 3632 383 3682 etiam
390 3630 417 3680 in
423 3625 514 3680 Gueli.
524 3619 576 3674 Sed
585 3635 668 3672 tamen
676 3632 703 3672 ct
712 3621 739 3671 in
749 3638 814 3672 mar·
847 3617 963 3671 Freinah.
976 3635 1035 3668 cum
1045 3630 1119 3668 antea
1129 3636 1189 3690 pose
1199 3621 1319 3690 affinius,
1333 3631 1360 3672 et
1424 3619 1425 3672 j

305 3711 365 3778 gine
382 3706 471 3758 eadem
490 3721 567 3755 manu
583 3719 639 3755 var.
659 3701 720 3753 lect.
736 3715 815 3771 genta
848 3694 1358 3772 medie(majoresigno)interpungere-
1424 3693 1425 3746 i

307 3781 408 3834 auditu.
431 3782 501 3834 Eun.
521 3779 580 3850 Bip.
600 3796 719 3850 recepere
735 3791 815 3850 grata
848 3787 898 3826 tur.
914 3772 1038 3845 idemque
1052 3795 1100 3846 pro
1117 3779 1199 3830 medie
1211 3779 1284 3834 dedit
1301 3796 1357 3832 me-

301 3860 404 3914 αμάῐω,
848 3850 894 3902 dii.
905 3849 992 3903 Medic
1002 3872 1089 3907 omnes
1102 3875 1152 3909 scr.
1167 3871 1193 3910 et
1209 3857 1268 3910 edd.
1286 3854 1357 3932 quod
1424 3883 1425 3916 ;

345 3941 441 4006 Usurp.
451 3936 528 3985 etiam
539 3936 566 3986 in
573 3931 711 4002 pacedou.
724 3931 767 3983 Ci.
778 3933 814 3984 A.
847 3928 961 3982 defendit
976 3931 1103 4002 Rycitius,
1119 3936 1192 4007 cujus
1207 3935 1265 3990 MS.
1277 3937 1357 3990 babe-

307 4016 408 4084 ”sih
848 4005 894 4060 bat
908 4012 1004 4075 medie,
1022 4027 1050 4066 at
1067 4015 1180 4081 plurimi.
1192 4015 1252 4069 Vox
1274 4015 1358 4069 medie

292 4166 298 4184 Ι
344 4091 427 4152 parmi
436 4088 513 4143 senis.
521 4086 567 4142 Sic
577 4087 743 4142 eddmmnes.
754 4084 814 4142 MS.
848 4103 952 4172 nonest
966 4091 1251 4167 iliaquidemoptima,
1268 4097 1313 4154 sed
1329 4097 1356 4150 'ur
