2896 5000
274 351 323 432 30
591 348 1009 427 HISTORIARUM
1156 351 1278 396 Mu!-

1155 419 1217 462 A·C.
1239 435 1259 460 o.

272 507 369 582 tute,
385 484 551 558 Pisonem
565 481 789 556 Licinianum
805 481 930 556 arcessi
944 513 962 549 n
982 477 1098 578 juben
1116 503 1177 556 seu
1190 433 1338 588 priupria

271 600 459 698 electione,
487 597 579 696 sive,
607 615 647 670 ut
672 594 818 696 quidum
841 594 1088 693 etodiclcutnt,
1117 598 1260 674 Lacone
1284 603 1341 675 in.

272 733 404 811 stante,
420 713 479 788 cui
491 713 583 812 apud
600 710 812 785 Rubdliuru
825 711 994 784 Plautum
1015 710 1162 784 exercitu
1176 731 1263 788 cum
1278 706 1340 790 Pi-

271 854 359 902 sone
384 827 537 902 amicitia
554 825 639 900 :scd
669 823 815 921 callide,
835 844 879 897 ut
903 823 1090 926 ignotum7
1117 826 1277 918 fovebam
1303 851 1339 906 et

272 969 437 1044 prospera
455 943 498 1016 dc
517 942 643 1016 Pisone
656 940 749 1012 sarno
764 937 997 1037 consiliosius
1012 937 1118 1012 fidem
1141 940 1338 1020 addiderat.

271 1058 377 1156 Piso,
388 1060 442 1132 Μ.
452 1059 574 1132 Crasso
587 1076 622 1132 et
633 1053 1124 1156 Scriboniageuitus‚oobrlis
1134 1060 1338 1162 utrmque,

271 1173 377 1248 vultu
391 1171 582 1275 habituque
595 1167 706 1246 moris
718 1167 877 1269 antiqui,
889 1186 923 1242 et
939 1169 1167 1246 aestimttiouc
1179 1189 1276 1248 recta
1289 1200 1340 1252 se

274 1313 395 1387 verus,
414 1289 564 1364 deterius
580 1284 889 1385 interpretantibus
905 1283 1053 1376 tristior,
1066 1284 1273 1364 habebatur.
1288 1293 1339 1365 Ea

273 1429 355 1504 pars
371 1429 510 1510 morunt
527 1405 623 1505 ujus,
648 1426 721 1501 quo
733 1397 928 1499 suspectior
944 1397 1126 1502 sollicitis,
1149 1401 1341 1505 udoptnnti

272 1519 444 1620 placebut.

324 1635 413 1710 XV.
424 1633 536 1734 Igitur
547 1630 678 1727 Galba,
688 1627 901 1729 adprehensa
909 1628 1046 1702 Pisonis
1055 1652 1177 1730 mauu,
1191 1631 1232 1704 iu
1244 1631 1341 1707 bunc

274 1843 443 1914 vectigalibus
449 1844 596 1909 proeposuit.
606 1843 675 1894 ers.
687 1839 726 1892 De
735 1837 794 1892 Ma·
824 1837 857 1890 de
867 1835 1003 1894 Scribonia
1013 1840 1085 1894 addit
1097 1860 1102 1892 ι
1113 1861 1145 1893 ex
1155 1862 1187 1894 eo
1197 1843 1274 1897 vides
1284 1865 1342 1916 per·

276 1926 317 1978 rio
330 1923 408 1974 Celso
420 1943 446 1975 v.
462 1922 505 1984 15,
518 1921 558 1973 25.
824 1935 911 1988 peram
920 1921 946 1971 in
955 1919 1213 1974 Pluta'rcbiGalbac.
1222 1925 1264 1976 23.
1273 1925 1341 1996 legi,

310 2001 522 2073 Accersr’n'jotes
529 2039 536 2062 ‚
544 2017 587 2050 seu
594 2001 703 2068 propriis
712 1997 793 2052 dilec-
823 1999 943 2064 sptem
952 1999 995 2049 uel
1003 1999 1238 2068 Kptsiuteeiynctuc
1248 2020 1256 2051 t
1271 2015 1298 2052 ct
1307 2019 1341 2053 cx

277 2083 364 2144 tione,
383 2081 435 2132 sive
452 2093 479 2132 ut
497 2078 602 2150 qnidam
622 2077 791 2132 tradidomnt.
823 2089 914 2128 nostro
929 2077 1121 2148 corrigendum.
1141 2081 1211 2132 brus.
1223 2079 1266 2132 De
1276 2101 1341 2134 cor-

277 2163 361 2230 ιαμ,
371 2160 469 2211 arcessi
489 2157 581 2210 Giton.
598 2158 685 2210 Recte.
703 2156 748 2210 Sic
764 2171 792 2210 et
822 2158 937 2208 rectione
951 2155 1084 2210 Plutarchi
1100 2159 1199 2211 frustra
1216 2159 1341 2232 obloqui-

277 2249 427 2291 correxerat
439 2237 481 2288 vir
489 2234 584 2288 doctus
597 2235 624 2286 in
637 2232 677 2286 ed.
687 2229 789 2305 Gryph.
822 2234 960 2304 turlripsio
969 2234 1091 2304 Ryckius,
1100 2235 1172 2306 quod
1180 2237 1342 2290 Plutarchus

277 2331 307 2370 et
315 2316 437 2368 convenit
445 2313 522 2368 bodie
530 2316 592 2368 eutis
599 2332 730 2366 accersere
737 2332 790 2366 esse
822 2325 947 2384 utrosque
965 2314 1098 2368 uNeront
1114 2315 1233 2368 sublatos
1251 2317 1340 2382 dicut,

279 2413 372 2449 vocem
382 2391 465 2454 nihili,
473 2391 588 2444 debitam
596 2394 704 2446 inscitia
714 2391 792 2444 libru-
823 2409 884 2443 cum
900 2389 998 2444 Scuocu
1014 2393 1039 2443 in
1058 2393 1174 2462 Apocol.
1190 2410 1206 2444 a
1220 2393 1341 2447 Claudio

278 2472 502 2541 riorum‚quieam
511 2469 693 2523 milliesverbo
704 2487 791 2521 arusu-
823 2468 940 2524 sublatos
947 2470 1045 2524 tradat.
1061 2473 1093 2523 ln
1109 2475 1213 2526 nomine
1223 2475 1344 2546 impora-

279 2569 335 2604 serc
353 2549 552 2604 substituerunt.
565 2549 672 2621 ltaque,
687 2563 717 2602 ut
734 2550 791 2600 aliis
823 2552 888 2604 toris
905 2550 1040 2604 dissentire
1060 2553 1200 2623 scriptores
1217 2571 1272 2606 uon
1292 2557 1342 2607 rni-

278 2629 792 2702 locispermultissactumestavirisdoo-
823 2631 1343 2702 rum,quuminmnjoribusdissentitrut.

279 2711 410 2775 numeri
426 2711 484 2762 loco
495 2727 587 2762 rocem
599 2711 727 2782 ineptum,
741 2712 790 2762 etsi
823 2709 860 2762 Et
881 2707 984 2760 seneoe
1004 2707 1047 2760 ltic
1065 2707 1136 2760 baud
1155 2707 1235 2762 dubie
1259 2711 1343 2782 major

279 2809 370 2862 onrnes
380 2788 442 2842 libri
452 2800 478 2839 ct
489 2807 538 2840 scr.
550 2801 575 2840 et
585 2787 644 2842 edd.
654 2791 680 2842 in
691 2806 792 2842 escon·
823 2787 898 2840 lidos.
912 2787 985 2840 Idem
996 2786 1110 2858 Ryokius
1123 2789 1225 2841 mavult
1234 2792 1343 2842 intelli-

280 2871 405 2925 scntiuut.
422 2867 455 2920 V.
472 2885 537 2939 quos
554 2867 641 2922 loudut
657 2867 791 2922 Drakenb.
824 2883 884 2940 gere
894 2867 1023 2930 Crassum,
1033 2870 1344 2939 quium-cuntium

279 2947 315 3000 ud
332 2948 390 3000 Liv.
409 2961 436 3016 α,
452 2963 491 3015 ι9.
509 2947 553 3016 qui
570 2947 667 2999 stallis
685 2943 793 3000 lucisatl
825 2947 917 3000 consul
931 2946 996 3010 suit,
1012 2947 1120 2998 frat-reni
1139 2948 1345 3002 autem'Pisonis

279 3025 386 3080 Livium
393 3022 426 3075 dc
435 3041 466 3075 co
475 3021 556 3077 verbo
564 3025 617 3093 egit
626 3043 631 3074 ι
639 3037 666 3076 et
674 3043 720 3076 uos
728 3023 794 3076 iusru
824 3037 918 3096 putat,
932 3042 1011 3096 quern
1021 3025 1123 3090 Lipsius
1137 3037 1238 3096 patrem
1248 3027 1345 3080 crocle-

280 3104 315 3158 ud
326 3124 350 3157 c.
360 3106 401 3156 31.
411 3101 578 3156 erediderunt
589 3123 603 3155 e
614 3105 683 3156 Flor.
696 3105 795 3172 recepit
825 3104 881 3157 but.
892 3104 990 3157 Verum
1000 3116 1079 3174 puto:
1090 3117 1117 3156 et
1129 3105 1227 3174 sictjem
1234 3107 1347 3179 liuper-

280 3181 479 3240 Frcinsbemius.
499 3179 508 3249 (
519 3179 564 3234 Sic
574 3193 599 3233 et
609 3180 691 3250 Bud.)
706 3179 796 3232 Ceteri
827 3195 870 3234 tus
880 3181 912 3234 a'd
922 3183 1021 3233 lleincs.
1030 3201 1058 3252 p.
1066 3183 1204 3250 679eErtu.
1212 3197 1276 3254 etp.
1285 3186 1346 3254 429.

282 3263 346 3320 libri
357 3261 529 3314 tradiderunt.
546 3260 616 3314 Enu.
634 3262 704 3332 Lips.
720 3257 794 3311 Picb.
861 3263 900 3312 Bt
918 3259 1059 3312 Scribonia.
1078 3258 1122 3312 Sic
1136 3259 1220 3312 llbcn.
1238 3281 1255 3313 e
1273 3262 1346 3320 bod.

280 3337 794 3393 aliidrteeztone.Flor.Bud.ed.Pute01.
825 3338 1095 3412 priuslogcbatrtreu.
1198 3343 1199 3348 ’

280 3419 414 3473 electione.
455 3449 462 3462 ι
861 3419 1047 3470 AEstr'matione
1060 3415 1282 3472 mcccllectcsic
1296 3437 1345 3474 uc-

189 3537 192 3546 .
317 3499 396 3562 Piso,
411 3498 449 3550 M.
462 3495 553 3548 Crasso
566 3509 592 3548 et
604 3497 738 3548 Scribonio
750 3514 796 3568 ge-
827 3509 905 3567 cepta
924 3496 1050 3565 scriptura
1068 3506 1143 3546 vetus
1156 3496 1325 3548 exornatione
1337 3537 1346 3562 ,

281 3579 359 3632 niem.
369 3577 437 3630 Puto
447 3576 493 3630 illo
502 3575 543 3628 Μ.
552 3575 644 3628 Crasso
652 3577 740 3648 Frugi,
749 3578 797 3650 qui
829 3595 908 3648 quatu
918 3573 977 3628 ΜΕ.
992 3571 1070 3625 bad.
1080 3619 1082 3625 ,
1098 3571 1188 3628 Guell.
1198 3575 1293 3644 edepr.
1301 3578 1349 3630 bu-

281 3659 373 3712 consul
383 3659 434 3710 suit
443 3675 504 3710 cum
517 3653 548 3708 C.
560 3657 669 3709 Locauio
679 3657 757 3713 Basso
773 3677 796 3712 a.
830 3658 904 3710 bent.
914 3667 945 3706 ut
954 3666 980 3704 ct
989 3672 1014 3706 c.
1026 3652 1268 3725 16.Vid.ad13,17.
1277 3659 1348 3712 Mon

282 3739 341 3792 816.
353 3735 401 3790 sub
409 3735 528 3798 Nerone,
540 3735 584 3805 qui
595 3735 649 3805 ipsc
660 3754 673 3786 e
684 3735 798 3806 Calpur·
830 3753 880 3805 pro
894 3751 945 3801 quo
960 3731 1000 3783 cd.
1017 3749 1057 3802 pr.
1068 3751 1140 3802 quan,
1151 3745 1183 3785 ut
1197 3733 1257 3786 cod.
1276 3738 1348 3807 Agr.

282 3817 426 3888 niisl'rugi,
436 3817 463 3868 iu
470 3814 594 3866 Licinium
605 3827 707 3884 gentem
716 3815 798 3886 adop-
830 3811 938 3881 Recepit
945 3809 1069 3880 llycltius.
1075 3809 1144 3862 Mihi
1149 3811 1285 3882 vulgatum
1294 3815 1350 3866 Τιι-

284 3895 354 3950 tione
370 3895 485 3953 transiit,
498 3901 570 3943 uter
581 3893 734 3961 cognomine
751 3911 799 3962 ap-
830 3892 877 3942 citi
893 3891 954 3944 stilo
967 3893 1164 3943 convenientius
1175 3911 1182 3941 τ
1195 3909 1248 3962 qno
1262 3897 1350 3965 magis

281 3985 358 4046 putet
369 3992 375 4024 ι
387 3975 454 4025 sicut
465 3969 508 4020 hio
518 3981 606 4020 noster
620 3971 737 4020 iterumc
751 3969 798 4020 Li·
831 3971 887 4023 aliis
901 3984 1018 4040 suspecta
1028 3983 1094 4034 erut,
1109 3969 1159 4024 hoc
1173 3974 1254 4042 magis
1270 3976 1349 4043 prin-

282 4049 396 4108 ciniisud
402 4047 619 4116 Calpurniosivit.
628 4044 707 4118 Quod
713 4059 799 4100 antem
831 4050 884 4120 cipi
896 4047 1023 4121 placebat.
1034 4047 1104 4100 Euri.
1117 4046 1182 4101 Bud.
1192 4067 1252 4118 quo.
1264 4064 1348 4105 recte.
